timestamp,ticker,yes_bid,yes_ask,last_price,volume,open_interest
2025-12-21T07:07:15.895449+00:00,HIGHDEN-26DEC25-T30,85,89,88,2856,1318
2025-12-21T10:07:15.895449+00:00,HIGHDAL-26DEC25-T57,55,60,58,1864,774
2025-12-21T11:07:15.895449+00:00,HIGHLA-26DEC25-T52,70,73,72,1469,1194
2025-12-21T15:07:15.895449+00:00,HIGHDAL-26DEC25-T52,93,96,95,966,206
2025-12-21T15:07:15.895449+00:00,HIGHDEN-26DEC25-T35,54,58,55,2222,1492
2025-12-21T18:07:15.895449+00:00,HIGHDAL-26DEC25-T37,67,71,70,1861,441
2025-12-22T07:07:15.895449+00:00,HIGHNY-26DEC25-T42,68,70,69,1302,826
2025-12-22T07:07:15.895449+00:00,HIGHDAL-27DEC25-T37,96,99,99,1950,42
2025-12-22T08:07:15.895449+00:00,HIGHCHI-26DEC25-T32,25,29,27,2871,353
2025-12-22T10:07:15.895449+00:00,HIGHMIA-26DEC25-T71,71,75,72,2806,1270
2025-12-22T10:07:15.895449+00:00,HIGHDEN-26DEC25-T35,55,60,57,1174,1349
2025-12-22T11:07:15.895449+00:00,HIGHMIA-26DEC25-T61,94,97,95,14,1422
2025-12-22T11:07:15.895449+00:00,HIGHDAL-26DEC25-T37,74,78,75,2149,1298
2025-12-22T12:07:15.895449+00:00,HIGHCHI-26DEC25-T28,23,27,25,2635,253
2025-12-22T13:07:15.895449+00:00,HIGHDAL-26DEC25-T52,98,99,99,148,667
2025-12-22T13:07:15.895449+00:00,HIGHDEN-27DEC25-T40,12,16,13,2638,268
2025-12-22T15:07:15.895449+00:00,HIGHNY-27DEC25-T47,24,30,27,2286,1360
2025-12-22T15:07:15.895449+00:00,HIGHLA-26DEC25-T52,79,84,82,826,537
2025-12-22T16:07:15.895449+00:00,HIGHNY-27DEC25-T32,94,99,97,1644,1380
2025-12-22T16:07:15.895449+00:00,HIGHDAL-27DEC25-T42,82,85,83,325,877
2025-12-22T17:07:15.895449+00:00,HIGHNY-27DEC25-T27,54,59,56,741,1044
2025-12-22T17:07:15.895449+00:00,HIGHDEN-26DEC25-T40,61,63,62,1239,1307
2025-12-22T18:07:15.895449+00:00,HIGHDEN-26DEC25-T25,98,99,99,134,1324
2025-12-22T18:07:15.895449+00:00,HIGHDEN-26DEC25-T30,97,99,99,946,1227
2025-12-22T19:07:15.895449+00:00,HIGHDAL-26DEC25-T57,50,53,51,446,1429
2025-12-22T19:07:15.895449+00:00,SNOWBOS-26DEC25-B4.0,19,23,21,665,189
2025-12-23T07:07:15.895449+00:00,HIGHNY-26DEC25-T37,8,10,9,423,783
2025-12-23T07:07:15.895449+00:00,HIGHLA-26DEC25-T58,42,47,44,1956,407
2025-12-23T07:07:15.895449+00:00,HIGHDAL-27DEC25-T52,34,36,35,1302,1337
2025-12-23T08:07:15.895449+00:00,HIGHNY-27DEC25-T47,6,9,7,901,124
2025-12-23T08:07:15.895449+00:00,HIGHDEN-27DEC25-T40,24,29,27,2325,568
2025-12-23T08:07:15.895449+00:00,HIGHDEN-28DEC25-T30,58,64,61,1565,832
2025-12-23T09:07:15.895449+00:00,HIGHNY-27DEC25-T32,55,60,58,505,512
2025-12-23T09:07:15.895449+00:00,HIGHCHI-26DEC25-T38,1,3,1,256,440
2025-12-23T09:07:15.895449+00:00,HIGHDAL-26DEC25-T37,95,99,97,2414,784
2025-12-23T09:07:15.895449+00:00,HIGHDAL-26DEC25-T52,96,98,97,2840,441
2025-12-23T09:07:15.895449+00:00,HIGHDAL-26DEC25-T57,40,45,42,1171,1005
2025-12-23T09:07:15.895449+00:00,HIGHDAL-27DEC25-T42,53,58,56,1113,77
2025-12-23T10:07:15.895449+00:00,HIGHCHI-26DEC25-T22,91,95,94,1901,587
2025-12-23T10:07:15.895449+00:00,HIGHDAL-27DEC25-T57,1,2,1,2635,9
2025-12-23T10:07:15.895449+00:00,HIGHDEN-26DEC25-T25,95,98,97,71,77
2025-12-23T10:07:15.895449+00:00,HIGHDEN-26DEC25-T40,52,56,54,2167,663
2025-12-23T11:07:15.895449+00:00,HIGHMIA-26DEC25-T61,71,76,74,2000,215
2025-12-23T11:07:15.895449+00:00,HIGHDEN-26DEC25-T30,97,99,99,1141,227
2025-12-23T12:07:15.895449+00:00,HIGHMIA-26DEC25-T81,54,59,56,2358,1411
2025-12-23T12:07:15.895449+00:00,HIGHDEN-26DEC25-T35,15,21,18,1209,1005
2025-12-23T13:07:15.895449+00:00,HIGHLA-26DEC25-T68,1,4,1,1062,775
2025-12-23T13:07:15.895449+00:00,HIGHMIA-27DEC25-T81,25,28,26,1419,300
2025-12-23T14:07:15.895449+00:00,HIGHCHI-26DEC25-T28,42,44,43,927,102
2025-12-23T14:07:15.895449+00:00,HIGHCHI-28DEC25-T22,54,56,55,1557,1313
2025-12-23T14:07:15.895449+00:00,HIGHMIA-26DEC25-T76,7,13,10,2797,1265
2025-12-23T14:07:15.895449+00:00,HIGHMIA-27DEC25-T66,96,99,98,1817,1215
2025-12-23T14:07:15.895449+00:00,HIGHMIA-27DEC25-T76,48,52,49,2127,996
2025-12-23T15:07:15.895449+00:00,HIGHNY-26DEC25-T42,46,51,49,880,1347
2025-12-23T15:07:15.895449+00:00,HIGHLA-26DEC25-T52,68,71,69,2101,1099
2025-12-23T15:07:15.895449+00:00,HIGHDAL-26DEC25-T42,82,87,84,716,625
2025-12-23T16:07:15.895449+00:00,HIGHNY-26DEC25-T32,94,97,96,389,783
2025-12-23T16:07:15.895449+00:00,HIGHDEN-26DEC25-T20,88,92,91,473,738
2025-12-23T16:07:15.895449+00:00,HIGHDEN-27DEC25-T30,59,62,61,956,667
2025-12-23T17:07:15.895449+00:00,HIGHCHI-26DEC25-T32,21,25,22,1702,1309
2025-12-23T17:07:15.895449+00:00,HIGHLA-27DEC25-T48,84,90,87,1199,593
2025-12-23T17:07:15.895449+00:00,HIGHMIA-26DEC25-T71,58,62,59,715,1274
2025-12-23T18:07:15.895449+00:00,HIGHNY-27DEC25-T27,93,98,95,2089,1252
2025-12-23T18:07:15.895449+00:00,HIGHLA-28DEC25-T58,1,3,2,2675,689
2025-12-23T18:07:15.895449+00:00,HIGHDAL-27DEC25-T37,98,99,99,1351,1277
2025-12-23T19:07:15.895449+00:00,SNOWNY-26DEC25-B0.1,12,16,14,750,97
2025-12-23T19:07:15.895449+00:00,SNOWNY-27DEC25-B1.0,13,17,15,477,39
2025-12-23T19:07:15.895449+00:00,SNOWCHI-26DEC25-B0.1,44,48,46,677,187
2025-12-23T19:07:15.895449+00:00,SNOWCHI-26DEC25-B1.0,1,3,1,634,287
2025-12-23T19:07:15.895449+00:00,SNOWCHI-26DEC25-B4.0,82,86,84,875,419
2025-12-23T19:07:15.895449+00:00,SNOWCHI-27DEC25-B0.1,39,43,41,708,226
2025-12-23T19:07:15.895449+00:00,SNOWCHI-27DEC25-B4.0,12,16,14,858,451
2025-12-23T19:07:15.895449+00:00,SNOWBOS-26DEC25-B0.1,31,35,33,202,404
2025-12-23T19:07:15.895449+00:00,SNOWBOS-26DEC25-B1.0,32,36,34,598,87
2025-12-23T19:07:15.895449+00:00,SNOWBOS-26DEC25-B4.0,38,42,40,398,455
2025-12-23T19:07:15.895449+00:00,SNOWBOS-27DEC25-B4.0,51,55,53,451,365
2025-12-24T07:07:15.895449+00:00,HIGHCHI-27DEC25-T18,70,73,71,1742,341
2025-12-24T07:07:15.895449+00:00,HIGHMIA-26DEC25-T76,1,2,1,1666,587
2025-12-24T07:07:15.895449+00:00,HIGHMIA-27DEC25-T76,35,38,36,1937,1403
2025-12-24T07:07:15.895449+00:00,HIGHDAL-26DEC25-T47,95,97,96,2133,1228
2025-12-24T07:07:15.895449+00:00,HIGHDAL-27DEC25-T42,90,93,92,2008,1055
2025-12-24T07:07:15.895449+00:00,HIGHDAL-27DEC25-T57,36,42,39,2023,1017
2025-12-24T07:07:15.895449+00:00,HIGHDEN-26DEC25-T40,34,38,35,2667,69
2025-12-24T07:07:15.895449+00:00,HIGHDEN-29DEC25-T25,90,93,91,1742,1355
2025-12-24T08:07:15.895449+00:00,HIGHLA-29DEC25-T68,47,51,48,601,300
2025-12-24T08:07:15.895449+00:00,HIGHMIA-29DEC25-T66,37,43,40,2727,697
2025-12-24T08:07:15.895449+00:00,HIGHDAL-28DEC25-T42,66,70,69,752,472
2025-12-24T08:07:15.895449+00:00,HIGHDEN-29DEC25-T20,97,99,99,1810,1405
2025-12-24T09:07:15.895449+00:00,HIGHLA-26DEC25-T68,45,49,46,2416,1182
2025-12-24T09:07:15.895449+00:00,HIGHMIA-26DEC25-T66,61,63,62,153,1173
2025-12-24T09:07:15.895449+00:00,HIGHDAL-26DEC25-T42,89,91,90,1048,973
2025-12-24T09:07:15.895449+00:00,HIGHDAL-28DEC25-T52,47,51,50,2237,257
2025-12-24T09:07:15.895449+00:00,HIGHDEN-27DEC25-T20,97,99,99,2446,690
2025-12-24T09:07:15.895449+00:00,HIGHDEN-27DEC25-T30,98,99,99,2862,1375
2025-12-24T10:07:15.895449+00:00,HIGHNY-26DEC25-T27,61,67,64,118,1154
2025-12-24T10:07:15.895449+00:00,HIGHNY-27DEC25-T47,3,7,4,1962,1034
2025-12-24T10:07:15.895449+00:00,HIGHCHI-26DEC25-T18,78,83,80,1792,655
2025-12-24T10:07:15.895449+00:00,HIGHMIA-26DEC25-T81,40,43,42,2181,660
2025-12-24T10:07:15.895449+00:00,HIGHMIA-27DEC25-T81,38,41,39,1836,881
2025-12-24T11:07:15.895449+00:00,HIGHDAL-27DEC25-T47,83,85,84,769,679
2025-12-24T11:07:15.895449+00:00,HIGHDAL-28DEC25-T57,27,31,28,2284,371
2025-12-24T11:07:15.895449+00:00,HIGHDEN-26DEC25-T20,87,92,90,1393,84
2025-12-24T12:07:15.895449+00:00,HIGHNY-26DEC25-T42,33,38,36,595,547
2025-12-24T12:07:15.895449+00:00,HIGHCHI-26DEC25-T32,34,40,37,995,1188
2025-12-24T12:07:15.895449+00:00,HIGHCHI-28DEC25-T18,61,66,64,1048,751
2025-12-24T12:07:15.895449+00:00,HIGHMIA-26DEC25-T71,74,79,76,1897,1386
2025-12-24T12:07:15.895449+00:00,HIGHDAL-26DEC25-T52,82,86,83,2771,600
2025-12-24T12:07:15.895449+00:00,HIGHDAL-27DEC25-T52,19,23,21,746,212
2025-12-24T13:07:15.895449+00:00,HIGHNY-29DEC25-T47,56,61,59,1963,17
2025-12-24T13:07:15.895449+00:00,HIGHLA-28DEC25-T58,50,54,51,2006,1168
2025-12-24T13:07:15.895449+00:00,HIGHDAL-27DEC25-T37,71,75,72,2550,739
2025-12-24T14:07:15.895449+00:00,HIGHCHI-27DEC25-T32,63,65,64,768,1035
2025-12-24T14:07:15.895449+00:00,HIGHMIA-26DEC25-T61,68,72,71,1940,589
2025-12-24T14:07:15.895449+00:00,HIGHDAL-26DEC25-T37,95,99,97,60,67
2025-12-24T14:07:15.895449+00:00,HIGHDEN-26DEC25-T35,44,48,45,1260,688
2025-12-24T14:07:15.895449+00:00,HIGHDEN-29DEC25-T35,51,56,54,2548,1157
2025-12-24T15:07:15.895449+00:00,HIGHNY-26DEC25-T37,11,14,13,2755,551
2025-12-24T15:07:15.895449+00:00,HIGHNY-28DEC25-T47,40,46,43,1647,1396
2025-12-24T15:07:15.895449+00:00,HIGHDAL-26DEC25-T57,35,38,36,2690,1342
2025-12-24T15:07:15.895449+00:00,HIGHDEN-26DEC25-T30,91,94,93,2434,457
2025-12-24T15:07:15.895449+00:00,HIGHDEN-27DEC25-T40,8,13,10,979,425
2025-12-24T15:07:15.895449+00:00,HIGHDEN-28DEC25-T25,1,4,1,1207,695
2025-12-24T16:07:15.895449+00:00,HIGHNY-27DEC25-T27,80,84,83,2463,668
2025-12-24T16:07:15.895449+00:00,HIGHNY-27DEC25-T32,67,71,70,39,150
2025-12-24T16:07:15.895449+00:00,HIGHNY-28DEC25-T27,74,78,75,2653,619
2025-12-24T17:07:15.895449+00:00,HIGHCHI-26DEC25-T22,91,94,93,2195,1085
2025-12-24T17:07:15.895449+00:00,HIGHCHI-27DEC25-T22,64,69,66,1376,113
2025-12-24T17:07:15.895449+00:00,HIGHCHI-28DEC25-T32,98,99,99,2407,170
2025-12-24T17:07:15.895449+00:00,HIGHLA-27DEC25-T48,83,87,85,2117,1063
2025-12-24T17:07:15.895449+00:00,HIGHDEN-26DEC25-T25,84,89,87,1385,818
2025-12-24T18:07:15.895449+00:00,HIGHNY-26DEC25-T32,61,65,62,1891,1103
2025-12-24T18:07:15.895449+00:00,HIGHNY-26DEC25-T47,50,54,53,1586,786
2025-12-24T18:07:15.895449+00:00,HIGHNY-29DEC25-T27,96,99,99,2958,620
2025-12-24T18:07:15.895449+00:00,HIGHCHI-28DEC25-T22,97,99,99,726,548
2025-12-24T18:07:15.895449+00:00,HIGHCHI-29DEC25-T18,75,79,76,2107,769
2025-12-24T18:07:15.895449+00:00,HIGHLA-26DEC25-T62,1,3,1,780,604
2025-12-24T18:07:15.895449+00:00,HIGHLA-27DEC25-T68,8,12,9,1751,871
2025-12-24T18:07:15.895449+00:00,HIGHLA-28DEC25-T68,6,12,9,2249,7
2025-12-24T18:07:15.895449+00:00,HIGHMIA-27DEC25-T66,82,86,83,2132,766
2025-12-24T19:07:15.895449+00:00,HIGHNY-28DEC25-T37,53,57,54,1082,335
2025-12-24T19:07:15.895449+00:00,HIGHCHI-26DEC25-T28,50,55,53,937,353
2025-12-24T19:07:15.895449+00:00,HIGHCHI-26DEC25-T38,5,9,7,779,1003
2025-12-24T19:07:15.895449+00:00,HIGHLA-26DEC25-T48,80,84,81,2618,101
2025-12-24T19:07:15.895449+00:00,HIGHLA-26DEC25-T52,66,70,67,901,867
2025-12-24T19:07:15.895449+00:00,HIGHLA-26DEC25-T58,15,20,18,763,652
2025-12-24T19:07:15.895449+00:00,HIGHLA-28DEC25-T52,55,58,57,2937,949
2025-12-24T19:07:15.895449+00:00,HIGHDEN-27DEC25-T35,91,95,94,2260,866
2025-12-24T19:07:15.895449+00:00,HIGHDEN-28DEC25-T30,50,53,52,1879,1477
2025-12-24T19:07:15.895449+00:00,HIGHDEN-29DEC25-T30,40,46,43,1816,672
2025-12-24T19:07:15.895449+00:00,SNOWNY-26DEC25-B0.1,56,60,58,495,433
2025-12-24T19:07:15.895449+00:00,SNOWNY-26DEC25-B1.0,31,35,33,57,94
2025-12-24T19:07:15.895449+00:00,SNOWNY-26DEC25-B2.0,17,21,19,753,151
2025-12-24T19:07:15.895449+00:00,SNOWNY-26DEC25-B4.0,44,48,46,316,365
2025-12-24T19:07:15.895449+00:00,SNOWNY-27DEC25-B1.0,16,20,18,970,500
2025-12-24T19:07:15.895449+00:00,SNOWNY-27DEC25-B2.0,31,35,33,476,450
2025-12-24T19:07:15.895449+00:00,SNOWNY-27DEC25-B4.0,23,27,25,976,36
2025-12-24T19:07:15.895449+00:00,SNOWNY-28DEC25-B1.0,56,60,58,6,458
2025-12-24T19:07:15.895449+00:00,SNOWNY-28DEC25-B4.0,12,16,14,872,473
2025-12-24T19:07:15.895449+00:00,SNOWCHI-26DEC25-B0.1,1,3,1,794,308
2025-12-24T19:07:15.895449+00:00,SNOWCHI-26DEC25-B1.0,40,44,42,489,297
2025-12-24T19:07:15.895449+00:00,SNOWCHI-26DEC25-B2.0,11,15,13,661,303
2025-12-24T19:07:15.895449+00:00,SNOWCHI-26DEC25-B4.0,36,40,38,792,284
2025-12-24T19:07:15.895449+00:00,SNOWCHI-27DEC25-B0.1,21,25,23,853,283
2025-12-24T19:07:15.895449+00:00,SNOWCHI-27DEC25-B2.0,25,29,27,745,442
2025-12-24T19:07:15.895449+00:00,SNOWCHI-27DEC25-B4.0,9,13,11,114,323
2025-12-24T19:07:15.895449+00:00,SNOWCHI-28DEC25-B1.0,53,57,55,914,96
2025-12-24T19:07:15.895449+00:00,SNOWCHI-28DEC25-B2.0,44,48,46,363,485
2025-12-24T19:07:15.895449+00:00,SNOWCHI-28DEC25-B4.0,1,3,1,334,260
2025-12-24T19:07:15.895449+00:00,SNOWBOS-26DEC25-B0.1,38,42,40,680,411
2025-12-24T19:07:15.895449+00:00,SNOWBOS-26DEC25-B1.0,32,36,34,683,376
2025-12-24T19:07:15.895449+00:00,SNOWBOS-26DEC25-B2.0,48,52,50,120,313
2025-12-24T19:07:15.895449+00:00,SNOWBOS-26DEC25-B4.0,40,44,42,723,105
2025-12-24T19:07:15.895449+00:00,SNOWBOS-27DEC25-B2.0,19,23,21,335,327
2025-12-24T19:07:15.895449+00:00,SNOWBOS-27DEC25-B4.0,42,46,44,41,205
2025-12-24T19:07:15.895449+00:00,SNOWBOS-28DEC25-B0.1,1,3,1,390,333
2025-12-24T19:07:15.895449+00:00,SNOWBOS-28DEC25-B1.0,1,3,1,179,13
2025-12-24T19:07:15.895449+00:00,SNOWBOS-28DEC25-B4.0,70,74,72,898,382
2025-12-25T07:07:15.895449+00:00,HIGHLA-28DEC25-T48,88,90,89,2191,262
2025-12-25T07:07:15.895449+00:00,HIGHLA-29DEC25-T68,7,13,10,2295,977
2025-12-25T07:07:15.895449+00:00,HIGHMIA-27DEC25-T66,82,86,83,1035,845
2025-12-25T07:07:15.895449+00:00,HIGHDAL-26DEC25-T47,72,78,75,1394,1261
2025-12-25T08:07:15.895449+00:00,HIGHNY-26DEC25-T37,53,57,56,2505,1305
2025-12-25T08:07:15.895449+00:00,HIGHNY-27DEC25-T32,71,73,72,138,681
2025-12-25T08:07:15.895449+00:00,HIGHNY-28DEC25-T37,68,70,69,2840,310
2025-12-25T08:07:15.895449+00:00,HIGHCHI-27DEC25-T32,84,89,87,2827,493
2025-12-25T08:07:15.895449+00:00,HIGHLA-29DEC25-T48,59,65,62,2576,1422
2025-12-25T08:07:15.895449+00:00,HIGHMIA-26DEC25-T71,86,91,88,952,1232
2025-12-25T08:07:15.895449+00:00,HIGHMIA-28DEC25-T61,97,99,99,2841,677
2025-12-25T08:07:15.895449+00:00,HIGHMIA-28DEC25-T71,76,78,77,883,906
2025-12-25T08:07:15.895449+00:00,HIGHDEN-26DEC25-T40,41,44,43,1775,1222
2025-12-25T08:07:15.895449+00:00,HIGHDEN-28DEC25-T40,53,59,56,604,981
2025-12-25T09:07:15.895449+00:00,HIGHNY-27DEC25-T37,11,15,14,2768,1343
2025-12-25T09:07:15.895449+00:00,HIGHCHI-27DEC25-T18,74,77,75,448,230
2025-12-25T09:07:15.895449+00:00,HIGHCHI-28DEC25-T22,74,78,76,2423,859
2025-12-25T09:07:15.895449+00:00,HIGHLA-26DEC25-T58,27,31,29,1348,1358
2025-12-25T09:07:15.895449+00:00,HIGHDAL-26DEC25-T52,82,86,83,440,1405
2025-12-25T09:07:15.895449+00:00,HIGHDAL-27DEC25-T42,84,88,87,2101,1096
2025-12-25T09:07:15.895449+00:00,HIGHDAL-27DEC25-T52,10,13,12,152,904
2025-12-25T09:07:15.895449+00:00,HIGHDEN-27DEC25-T20,92,95,93,2006,1373
2025-12-25T09:07:15.895449+00:00,HIGHDEN-27DEC25-T35,71,74,73,2740,1427
2025-12-25T09:07:15.895449+00:00,HIGHDEN-28DEC25-T25,47,52,49,2011,965
2025-12-25T09:07:15.895449+00:00,HIGHDEN-28DEC25-T35,54,59,57,810,1169
2025-12-25T09:07:15.895449+00:00,HIGHDEN-30DEC25-T35,84,89,86,2714,1246
2025-12-25T10:07:15.895449+00:00,HIGHNY-26DEC25-T47,60,65,63,2276,28
2025-12-25T10:07:15.895449+00:00,HIGHLA-26DEC25-T68,34,38,37,469,103
2025-12-25T10:07:15.895449+00:00,HIGHLA-27DEC25-T68,21,24,23,2582,1350
2025-12-25T10:07:15.895449+00:00,HIGHLA-30DEC25-T62,19,23,22,1117,711
2025-12-25T10:07:15.895449+00:00,HIGHMIA-27DEC25-T81,31,37,34,2159,949
2025-12-25T10:07:15.895449+00:00,HIGHDAL-26DEC25-T57,37,42,39,1967,75
2025-12-25T10:07:15.895449+00:00,HIGHDAL-27DEC25-T57,36,42,39,926,814
2025-12-25T10:07:15.895449+00:00,HIGHDAL-28DEC25-T57,19,23,20,1328,123
2025-12-25T10:07:15.895449+00:00,HIGHDEN-26DEC25-T20,97,99,99,1502,51
2025-12-25T10:07:15.895449+00:00,HIGHDEN-26DEC25-T25,71,76,73,1701,1292
2025-12-25T10:07:15.895449+00:00,HIGHDEN-26DEC25-T35,37,43,40,2425,1117
2025-12-25T11:07:15.895449+00:00,HIGHNY-27DEC25-T47,1,2,1,771,145
2025-12-25T11:07:15.895449+00:00,HIGHNY-28DEC25-T47,9,11,10,1079,370
2025-12-25T11:07:15.895449+00:00,HIGHNY-29DEC25-T27,69,73,71,1658,1432
2025-12-25T11:07:15.895449+00:00,HIGHLA-30DEC25-T48,49,52,51,621,1123
2025-12-25T11:07:15.895449+00:00,HIGHMIA-27DEC25-T71,29,35,32,823,1337
2025-12-25T11:07:15.895449+00:00,HIGHDAL-29DEC25-T47,84,87,86,405,806
2025-12-25T11:07:15.895449+00:00,HIGHDEN-27DEC25-T30,71,75,73,2215,361
2025-12-25T12:07:15.895449+00:00,HIGHNY-27DEC25-T27,62,66,64,990,123
2025-12-25T12:07:15.895449+00:00,HIGHNY-27DEC25-T42,49,53,52,217,1340
2025-12-25T12:07:15.895449+00:00,HIGHNY-28DEC25-T27,61,66,63,2316,209
2025-12-25T12:07:15.895449+00:00,HIGHCHI-26DEC25-T32,14,19,17,935,193
2025-12-25T12:07:15.895449+00:00,HIGHCHI-27DEC25-T22,70,75,73,804,607
2025-12-25T12:07:15.895449+00:00,HIGHCHI-28DEC25-T18,55,59,57,2918,688
2025-12-25T12:07:15.895449+00:00,HIGHLA-27DEC25-T58,42,46,44,1356,207
2025-12-25T12:07:15.895449+00:00,HIGHDEN-29DEC25-T30,27,32,30,1762,1438
2025-12-25T13:07:15.895449+00:00,HIGHMIA-28DEC25-T66,64,67,65,1687,1140
2025-12-25T13:07:15.895449+00:00,HIGHDAL-27DEC25-T47,87,90,88,19,1418
2025-12-25T13:07:15.895449+00:00,HIGHDEN-28DEC25-T30,37,40,38,2367,1317
2025-12-25T13:07:15.895449+00:00,HIGHDEN-29DEC25-T35,45,49,46,2018,550
2025-12-25T14:07:15.895449+00:00,HIGHNY-29DEC25-T47,21,25,23,2214,1123
2025-12-25T14:07:15.895449+00:00,HIGHCHI-26DEC25-T18,69,72,70,1735,249
2025-12-25T14:07:15.895449+00:00,HIGHLA-26DEC25-T48,78,82,80,1941,476
2025-12-25T14:07:15.895449+00:00,HIGHMIA-26DEC25-T81,39,42,40,1243,1231
2025-12-25T14:07:15.895449+00:00,HIGHDAL-26DEC25-T42,98,99,99,2173,303
2025-12-25T14:07:15.895449+00:00,HIGHDEN-29DEC25-T20,98,99,99,547,632
2025-12-25T14:07:15.895449+00:00,HIGHDEN-29DEC25-T25,74,78,77,1322,900
2025-12-25T15:07:15.895449+00:00,HIGHCHI-28DEC25-T28,63,66,64,73,934
2025-12-25T15:07:15.895449+00:00,HIGHCHI-28DEC25-T32,65,71,68,1592,870
2025-12-25T15:07:15.895449+00:00,HIGHLA-26DEC25-T62,44,47,46,1972,911
2025-12-25T15:07:15.895449+00:00,HIGHLA-27DEC25-T48,80,86,83,1885,1198
2025-12-25T15:07:15.895449+00:00,HIGHMIA-27DEC25-T61,59,62,60,2071,825
2025-12-25T15:07:15.895449+00:00,HIGHMIA-27DEC25-T76,34,39,37,1840,629
2025-12-25T15:07:15.895449+00:00,HIGHDAL-29DEC25-T57,1,4,1,1839,1432
2025-12-25T16:07:15.895449+00:00,HIGHNY-26DEC25-T27,85,91,88,1728,456
2025-12-25T16:07:15.895449+00:00,HIGHNY-28DEC25-T42,72,75,74,744,685
2025-12-25T16:07:15.895449+00:00,HIGHLA-27DEC25-T62,19,23,21,2206,238
2025-12-25T16:07:15.895449+00:00,HIGHLA-28DEC25-T52,31,36,34,852,781
2025-12-25T16:07:15.895449+00:00,HIGHLA-30DEC25-T52,86,90,87,1859,356
2025-12-25T16:07:15.895449+00:00,HIGHDEN-28DEC25-T20,78,80,79,2445,1354
2025-12-25T17:07:15.895449+00:00,HIGHNY-26DEC25-T42,24,29,27,2400,822
2025-12-25T17:07:15.895449+00:00,HIGHCHI-27DEC25-T38,19,24,21,14,1005
2025-12-25T17:07:15.895449+00:00,HIGHCHI-29DEC25-T18,78,83,81,229,809
2025-12-25T17:07:15.895449+00:00,HIGHCHI-29DEC25-T38,30,35,33,1144,23
2025-12-25T17:07:15.895449+00:00,HIGHLA-27DEC25-T52,1,4,1,2401,952
2025-12-25T17:07:15.895449+00:00,HIGHLA-28DEC25-T58,6,10,8,1018,809
2025-12-25T17:07:15.895449+00:00,HIGHLA-28DEC25-T68,21,25,23,864,869
2025-12-25T17:07:15.895449+00:00,HIGHMIA-29DEC25-T61,74,78,75,2191,591
2025-12-25T17:07:15.895449+00:00,HIGHMIA-29DEC25-T66,55,60,58,1561,64
2025-12-25T17:07:15.895449+00:00,HIGHDAL-27DEC25-T37,87,92,89,2701,730
2025-12-25T17:07:15.895449+00:00,HIGHDAL-28DEC25-T42,93,98,96,1031,1077
2025-12-25T18:07:15.895449+00:00,HIGHNY-26DEC25-T32,94,97,96,2271,605
2025-12-25T18:07:15.895449+00:00,HIGHNY-29DEC25-T32,98,99,99,613,55
2025-12-25T18:07:15.895449+00:00,HIGHCHI-26DEC25-T28,26,31,28,30,1414
2025-12-25T18:07:15.895449+00:00,HIGHCHI-26DEC25-T38,11,16,14,1287,1456
2025-12-25T18:07:15.895449+00:00,HIGHLA-26DEC25-T52,70,76,73,2471,378
2025-12-25T18:07:15.895449+00:00,HIGHMIA-26DEC25-T76,1,2,1,1815,602
2025-12-25T18:07:15.895449+00:00,HIGHDAL-26DEC25-T37,81,86,84,1200,270
2025-12-25T18:07:15.895449+00:00,HIGHDAL-28DEC25-T47,40,43,41,2278,385
2025-12-25T18:07:15.895449+00:00,HIGHDAL-28DEC25-T52,11,16,13,1101,815
2025-12-25T18:07:15.895449+00:00,HIGHDEN-27DEC25-T25,95,98,96,983,1371
2025-12-25T18:07:15.895449+00:00,HIGHDEN-27DEC25-T40,20,26,23,2229,655
2025-12-25T19:07:15.895449+00:00,HIGHCHI-26DEC25-T22,76,81,78,1242,567
2025-12-25T19:07:15.895449+00:00,HIGHCHI-27DEC25-T28,71,73,72,2189,211
2025-12-25T19:07:15.895449+00:00,HIGHLA-30DEC25-T58,78,82,80,549,381
2025-12-25T19:07:15.895449+00:00,HIGHMIA-26DEC25-T61,57,60,58,2254,1190
2025-12-25T19:07:15.895449+00:00,HIGHMIA-26DEC25-T66,84,89,86,1493,62
2025-12-25T19:07:15.895449+00:00,HIGHDEN-26DEC25-T30,87,92,90,1572,234
2025-12-25T19:07:15.895449+00:00,SNOWNY-26DEC25-B0.1,47,51,49,721,136
2025-12-25T19:07:15.895449+00:00,SNOWNY-26DEC25-B1.0,22,26,24,746,38
2025-12-25T19:07:15.895449+00:00,SNOWNY-26DEC25-B2.0,29,33,31,104,10
2025-12-25T19:07:15.895449+00:00,SNOWNY-26DEC25-B4.0,13,17,15,130,430
2025-12-25T19:07:15.895449+00:00,SNOWNY-27DEC25-B0.1,8,12,10,728,453
2025-12-25T19:07:15.895449+00:00,SNOWNY-27DEC25-B1.0,41,45,43,524,242
2025-12-25T19:07:15.895449+00:00,SNOWNY-27DEC25-B2.0,55,59,57,547,402
2025-12-25T19:07:15.895449+00:00,SNOWNY-27DEC25-B4.0,37,41,39,669,135
2025-12-25T19:07:15.895449+00:00,SNOWNY-28DEC25-B1.0,46,50,48,468,142
2025-12-25T19:07:15.895449+00:00,SNOWNY-28DEC25-B2.0,2,6,4,889,255
2025-12-25T19:07:15.895449+00:00,SNOWNY-28DEC25-B4.0,17,21,19,121,500
2025-12-25T19:07:15.895449+00:00,SNOWNY-29DEC25-B4.0,24,28,26,991,108
2025-12-25T19:07:15.895449+00:00,SNOWCHI-26DEC25-B0.1,45,49,47,639,323
2025-12-25T19:07:15.895449+00:00,SNOWCHI-26DEC25-B1.0,15,19,17,701,370
2025-12-25T19:07:15.895449+00:00,SNOWCHI-26DEC25-B2.0,36,40,38,537,275
2025-12-25T19:07:15.895449+00:00,SNOWCHI-26DEC25-B4.0,36,40,38,732,476
2025-12-25T19:07:15.895449+00:00,SNOWCHI-27DEC25-B0.1,20,24,22,670,50
2025-12-25T19:07:15.895449+00:00,SNOWCHI-27DEC25-B1.0,49,53,51,416,93
2025-12-25T19:07:15.895449+00:00,SNOWCHI-27DEC25-B2.0,32,36,34,719,474
2025-12-25T19:07:15.895449+00:00,SNOWCHI-27DEC25-B4.0,40,44,42,178,382
2025-12-25T19:07:15.895449+00:00,SNOWCHI-28DEC25-B1.0,17,21,19,222,270
2025-12-25T19:07:15.895449+00:00,SNOWCHI-28DEC25-B2.0,4,8,6,848,50
2025-12-25T19:07:15.895449+00:00,SNOWCHI-28DEC25-B4.0,40,44,42,90,499
2025-12-25T19:07:15.895449+00:00,SNOWCHI-29DEC25-B4.0,51,55,53,352,478
2025-12-25T19:07:15.895449+00:00,SNOWBOS-26DEC25-B0.1,28,32,30,894,280
2025-12-25T19:07:15.895449+00:00,SNOWBOS-26DEC25-B1.0,50,54,52,497,214
2025-12-25T19:07:15.895449+00:00,SNOWBOS-26DEC25-B2.0,31,35,33,482,464
2025-12-25T19:07:15.895449+00:00,SNOWBOS-26DEC25-B4.0,36,40,38,376,198
2025-12-25T19:07:15.895449+00:00,SNOWBOS-27DEC25-B0.1,61,65,63,709,329
2025-12-25T19:07:15.895449+00:00,SNOWBOS-27DEC25-B1.0,5,9,7,522,147
2025-12-25T19:07:15.895449+00:00,SNOWBOS-27DEC25-B2.0,21,25,23,571,269
2025-12-25T19:07:15.895449+00:00,SNOWBOS-27DEC25-B4.0,58,62,60,87,449
2025-12-25T19:07:15.895449+00:00,SNOWBOS-28DEC25-B0.1,30,34,32,146,378
2025-12-25T19:07:15.895449+00:00,SNOWBOS-28DEC25-B1.0,37,41,39,150,448
2025-12-25T19:07:15.895449+00:00,SNOWBOS-28DEC25-B2.0,15,19,17,21,312
2025-12-25T19:07:15.895449+00:00,SNOWBOS-28DEC25-B4.0,25,29,27,233,304
2025-12-25T19:07:15.895449+00:00,SNOWBOS-29DEC25-B2.0,97,99,99,904,174
2025-12-25T19:07:15.895449+00:00,SNOWBOS-29DEC25-B4.0,65,69,67,112,124
2025-12-26T07:07:15.895449+00:00,HIGHNY-28DEC25-T42,39,45,42,1026,551
2025-12-26T07:07:15.895449+00:00,HIGHNY-29DEC25-T37,96,99,99,2448,654
2025-12-26T07:07:15.895449+00:00,HIGHNY-29DEC25-T47,18,22,20,128,801
2025-12-26T07:07:15.895449+00:00,HIGHLA-27DEC25-T58,17,20,18,2043,332
2025-12-26T07:07:15.895449+00:00,HIGHLA-27DEC25-T62,43,48,45,336,568
2025-12-26T07:07:15.895449+00:00,HIGHLA-28DEC25-T52,26,29,28,898,1418
2025-12-26T07:07:15.895449+00:00,HIGHMIA-28DEC25-T66,59,63,62,2882,496
2025-12-26T07:07:15.895449+00:00,HIGHMIA-31DEC25-T66,57,63,60,2250,294
2025-12-26T07:07:15.895449+00:00,HIGHDAL-28DEC25-T42,90,94,91,2367,628
2025-12-26T07:07:15.895449+00:00,HIGHDAL-28DEC25-T57,28,32,30,2433,1138
2025-12-26T07:07:15.895449+00:00,HIGHDEN-29DEC25-T25,83,86,85,2451,229
2025-12-26T08:07:15.895449+00:00,HIGHCHI-31DEC25-T32,17,20,19,1826,1465
2025-12-26T08:07:15.895449+00:00,HIGHLA-27DEC25-T52,19,23,22,573,617
2025-12-26T08:07:15.895449+00:00,HIGHLA-30DEC25-T62,15,20,18,468,787
2025-12-26T08:07:15.895449+00:00,HIGHMIA-29DEC25-T66,76,80,78,2308,468
2025-12-26T08:07:15.895449+00:00,HIGHDAL-27DEC25-T42,78,80,79,512,312
2025-12-26T08:07:15.895449+00:00,HIGHDAL-27DEC25-T47,76,79,78,1749,363
2025-12-26T08:07:15.895449+00:00,HIGHDAL-29DEC25-T57,35,39,37,769,73
2025-12-26T08:07:15.895449+00:00,HIGHDAL-30DEC25-T47,45,49,48,1583,727
2025-12-26T08:07:15.895449+00:00,HIGHDEN-27DEC25-T20,88,91,89,657,642
2025-12-26T08:07:15.895449+00:00,HIGHDEN-29DEC25-T40,53,57,56,977,1247
2025-12-26T09:07:15.895449+00:00,HIGHNY-27DEC25-T37,14,19,16,1399,228
2025-12-26T09:07:15.895449+00:00,HIGHLA-28DEC25-T58,38,42,41,2091,496
2025-12-26T09:07:15.895449+00:00,HIGHMIA-27DEC25-T66,68,73,71,2453,460
2025-12-26T09:07:15.895449+00:00,HIGHMIA-28DEC25-T71,60,66,63,2025,143
2025-12-26T09:07:15.895449+00:00,HIGHMIA-29DEC25-T71,97,99,99,2933,79
2025-12-26T09:07:15.895449+00:00,HIGHDEN-28DEC25-T30,30,33,31,345,101
2025-12-26T10:07:15.895449+00:00,HIGHNY-27DEC25-T47,14,18,17,2381,1222
2025-12-26T10:07:15.895449+00:00,HIGHNY-28DEC25-T47,12,16,14,2994,647
2025-12-26T10:07:15.895449+00:00,HIGHLA-28DEC25-T48,86,90,88,506,503
2025-12-26T10:07:15.895449+00:00,HIGHMIA-28DEC25-T61,53,58,56,1373,1363
2025-12-26T10:07:15.895449+00:00,HIGHMIA-31DEC25-T71,61,65,63,2499,522
2025-12-26T10:07:15.895449+00:00,HIGHDAL-27DEC25-T52,8,12,10,468,761
2025-12-26T10:07:15.895449+00:00,HIGHDEN-29DEC25-T20,96,99,99,698,1050
2025-12-26T10:07:15.895449+00:00,HIGHDEN-30DEC25-T35,98,99,99,95,473
2025-12-26T11:07:15.895449+00:00,HIGHNY-27DEC25-T42,53,55,54,1674,999
2025-12-26T11:07:15.895449+00:00,HIGHNY-28DEC25-T37,56,61,58,2273,308
2025-12-26T11:07:15.895449+00:00,HIGHCHI-28DEC25-T18,91,96,94,471,557
2025-12-26T11:07:15.895449+00:00,HIGHCHI-29DEC25-T22,53,59,56,643,621
2025-12-26T11:07:15.895449+00:00,HIGHMIA-30DEC25-T61,59,64,61,2758,888
2025-12-26T11:07:15.895449+00:00,HIGHDAL-31DEC25-T42,78,81,80,1969,818
2025-12-26T12:07:15.895449+00:00,HIGHCHI-29DEC25-T32,28,33,30,419,1210
2025-12-26T12:07:15.895449+00:00,HIGHMIA-27DEC25-T81,12,16,14,2110,533
2025-12-26T12:07:15.895449+00:00,HIGHMIA-28DEC25-T76,34,38,37,1628,857
2025-12-26T12:07:15.895449+00:00,HIGHMIA-29DEC25-T61,56,60,57,912,1386
2025-12-26T12:07:15.895449+00:00,HIGHDAL-31DEC25-T52,74,78,76,1834,982
2025-12-26T12:07:15.895449+00:00,HIGHDEN-27DEC25-T35,79,82,80,920,818
2025-12-26T12:07:15.895449+00:00,HIGHDEN-30DEC25-T30,74,77,76,415,603
2025-12-26T13:07:15.895449+00:00,HIGHCHI-28DEC25-T32,96,99,97,1247,1227
2025-12-26T13:07:15.895449+00:00,HIGHLA-28DEC25-T62,45,50,48,323,76
2025-12-26T13:07:15.895449+00:00,HIGHLA-30DEC25-T48,81,85,84,239,315
2025-12-26T13:07:15.895449+00:00,HIGHMIA-27DEC25-T76,24,27,26,1983,1481
2025-12-26T13:07:15.895449+00:00,HIGHDEN-28DEC25-T35,26,31,29,215,19
2025-12-26T13:07:15.895449+00:00,HIGHDEN-31DEC25-T20,97,99,99,1553,316
2025-12-26T14:07:15.895449+00:00,HIGHNY-30DEC25-T47,47,51,50,2126,396
2025-12-26T14:07:15.895449+00:00,HIGHLA-27DEC25-T48,64,69,67,2018,677
2025-12-26T14:07:15.895449+00:00,HIGHLA-27DEC25-T68,11,16,14,58,1374
2025-12-26T14:07:15.895449+00:00,HIGHLA-30DEC25-T58,65,70,68,73,300
2025-12-26T14:07:15.895449+00:00,HIGHLA-31DEC25-T52,56,58,57,2936,24
2025-12-26T14:07:15.895449+00:00,HIGHDEN-27DEC25-T30,84,89,87,882,1256
2025-12-26T14:07:15.895449+00:00,HIGHDEN-29DEC25-T30,24,29,27,901,1264
2025-12-26T15:07:15.895449+00:00,HIGHNY-29DEC25-T27,84,89,86,722,1265
2025-12-26T15:07:15.895449+00:00,HIGHNY-31DEC25-T27,85,88,87,2204,1418
2025-12-26T15:07:15.895449+00:00,HIGHCHI-27DEC25-T28,76,80,78,424,455
2025-12-26T15:07:15.895449+00:00,HIGHCHI-28DEC25-T22,83,88,85,513,892
2025-12-26T15:07:15.895449+00:00,HIGHCHI-28DEC25-T38,15,19,17,403,288
2025-12-26T15:07:15.895449+00:00,HIGHMIA-27DEC25-T71,32,36,35,173,324
2025-12-26T15:07:15.895449+00:00,HIGHDAL-27DEC25-T57,13,18,16,1868,310
2025-12-26T15:07:15.895449+00:00,HIGHDEN-27DEC25-T40,46,49,47,522,208
2025-12-26T15:07:15.895449+00:00,HIGHDEN-28DEC25-T25,49,54,52,420,1031
2025-12-26T15:07:15.895449+00:00,HIGHDEN-29DEC25-T35,18,20,19,1400,493
2025-12-26T16:07:15.895449+00:00,HIGHNY-27DEC25-T27,67,70,69,2191,262
2025-12-26T16:07:15.895449+00:00,HIGHCHI-27DEC25-T18,61,64,63,1102,63
2025-12-26T16:07:15.895449+00:00,HIGHCHI-27DEC25-T22,63,68,66,2179,1249
2025-12-26T16:07:15.895449+00:00,HIGHCHI-27DEC25-T38,19,21,20,2333,1397
2025-12-26T16:07:15.895449+00:00,HIGHLA-29DEC25-T58,18,22,20,67,519
2025-12-26T16:07:15.895449+00:00,HIGHDAL-28DEC25-T37,98,99,99,2617,155
2025-12-26T16:07:15.895449+00:00,HIGHDEN-27DEC25-T25,61,66,63,2598,366
2025-12-26T17:07:15.895449+00:00,HIGHNY-28DEC25-T32,81,84,82,1164,1243
2025-12-26T17:07:15.895449+00:00,HIGHCHI-27DEC25-T32,73,76,75,62,1369
2025-12-26T17:07:15.895449+00:00,HIGHCHI-29DEC25-T18,92,97,95,232,178
2025-12-26T17:07:15.895449+00:00,HIGHCHI-29DEC25-T38,26,31,28,2160,804
2025-12-26T17:07:15.895449+00:00,HIGHCHI-30DEC25-T18,82,88,85,1435,1202
2025-12-26T17:07:15.895449+00:00,HIGHLA-28DEC25-T68,50,54,53,1088,1302
2025-12-26T17:07:15.895449+00:00,HIGHLA-29DEC25-T68,51,56,53,1676,424
2025-12-26T17:07:15.895449+00:00,HIGHLA-30DEC25-T52,63,67,64,1569,1164
2025-12-26T17:07:15.895449+00:00,HIGHMIA-27DEC25-T61,59,63,60,1466,914
2025-12-26T17:07:15.895449+00:00,HIGHMIA-28DEC25-T81,35,41,38,2149,365
2025-12-26T17:07:15.895449+00:00,HIGHDAL-28DEC25-T47,32,36,35,1838,143
2025-12-26T17:07:15.895449+00:00,HIGHDAL-28DEC25-T52,24,28,26,1273,68
2025-12-26T17:07:15.895449+00:00,HIGHDAL-29DEC25-T47,95,98,96,1777,1149
2025-12-26T18:07:15.895449+00:00,HIGHNY-27DEC25-T32,59,63,62,2972,1174
2025-12-26T18:07:15.895449+00:00,HIGHNY-28DEC25-T27,89,94,92,552,719
2025-12-26T18:07:15.895449+00:00,HIGHNY-31DEC25-T42,36,42,39,2718,410
2025-12-26T18:07:15.895449+00:00,HIGHLA-29DEC25-T62,34,40,37,1468,927
2025-12-26T18:07:15.895449+00:00,HIGHDEN-28DEC25-T20,75,79,77,392,413
2025-12-26T18:07:15.895449+00:00,HIGHDEN-28DEC25-T40,44,48,45,443,1255
2025-12-26T19:07:15.895449+00:00,HIGHNY-29DEC25-T32,65,70,67,308,937
2025-12-26T19:07:15.895449+00:00,HIGHCHI-28DEC25-T28,50,54,52,30,886
2025-12-26T19:07:15.895449+00:00,HIGHLA-29DEC25-T48,82,87,84,2095,935
2025-12-26T19:07:15.895449+00:00,HIGHDAL-27DEC25-T37,84,88,87,2183,551
2025-12-26T19:07:15.895449+00:00,HIGHDAL-29DEC25-T42,81,84,83,2985,238
2025-12-26T19:07:15.895449+00:00,HIGHDAL-30DEC25-T42,65,70,68,1053,739
2025-12-26T19:07:15.895449+00:00,SNOWNY-27DEC25-B0.1,1,3,1,846,120
2025-12-26T19:07:15.895449+00:00,SNOWNY-27DEC25-B1.0,30,34,32,521,461
2025-12-26T19:07:15.895449+00:00,SNOWNY-27DEC25-B2.0,36,40,38,387,127
2025-12-26T19:07:15.895449+00:00,SNOWNY-27DEC25-B4.0,37,41,39,693,331
2025-12-26T19:07:15.895449+00:00,SNOWNY-28DEC25-B0.1,1,3,1,47,91
2025-12-26T19:07:15.895449+00:00,SNOWNY-28DEC25-B1.0,27,31,29,860,325
2025-12-26T19:07:15.895449+00:00,SNOWNY-28DEC25-B2.0,43,47,45,781,282
2025-12-26T19:07:15.895449+00:00,SNOWNY-28DEC25-B4.0,24,28,26,587,447
2025-12-26T19:07:15.895449+00:00,SNOWNY-29DEC25-B0.1,9,13,11,122,367
2025-12-26T19:07:15.895449+00:00,SNOWNY-29DEC25-B1.0,19,23,21,972,317
2025-12-26T19:07:15.895449+00:00,SNOWNY-29DEC25-B2.0,46,50,48,940,499
2025-12-26T19:07:15.895449+00:00,SNOWNY-29DEC25-B4.0,20,24,22,621,477
2025-12-26T19:07:15.895449+00:00,SNOWNY-30DEC25-B4.0,48,52,50,353,112
2025-12-26T19:07:15.895449+00:00,SNOWCHI-27DEC25-B0.1,1,3,1,766,411
2025-12-26T19:07:15.895449+00:00,SNOWCHI-27DEC25-B1.0,21,25,23,671,221
2025-12-26T19:07:15.895449+00:00,SNOWCHI-27DEC25-B2.0,3,7,5,417,105
2025-12-26T19:07:15.895449+00:00,SNOWCHI-27DEC25-B4.0,20,24,22,721,403
2025-12-26T19:07:15.895449+00:00,SNOWCHI-28DEC25-B0.1,1,3,1,135,115
2025-12-26T19:07:15.895449+00:00,SNOWCHI-28DEC25-B1.0,33,37,35,849,479
2025-12-26T19:07:15.895449+00:00,SNOWCHI-28DEC25-B2.0,40,44,42,284,172
2025-12-26T19:07:15.895449+00:00,SNOWCHI-28DEC25-B4.0,35,39,37,862,451
2025-12-26T19:07:15.895449+00:00,SNOWCHI-29DEC25-B4.0,15,19,17,901,118
2025-12-26T19:07:15.895449+00:00,SNOWCHI-30DEC25-B1.0,9,13,11,967,171
2025-12-26T19:07:15.895449+00:00,SNOWCHI-30DEC25-B4.0,69,73,71,672,438
2025-12-26T19:07:15.895449+00:00,SNOWBOS-27DEC25-B0.1,39,43,41,543,245
2025-12-26T19:07:15.895449+00:00,SNOWBOS-27DEC25-B1.0,21,25,23,389,474
2025-12-26T19:07:15.895449+00:00,SNOWBOS-27DEC25-B2.0,23,27,25,390,440
2025-12-26T19:07:15.895449+00:00,SNOWBOS-27DEC25-B4.0,50,54,52,752,336
2025-12-26T19:07:15.895449+00:00,SNOWBOS-28DEC25-B0.1,33,37,35,507,356
2025-12-26T19:07:15.895449+00:00,SNOWBOS-28DEC25-B1.0,16,20,18,982,36
2025-12-26T19:07:15.895449+00:00,SNOWBOS-28DEC25-B2.0,7,11,9,302,225
2025-12-26T19:07:15.895449+00:00,SNOWBOS-28DEC25-B4.0,25,29,27,871,231
2025-12-26T19:07:15.895449+00:00,SNOWBOS-29DEC25-B1.0,33,37,35,711,444
2025-12-26T19:07:15.895449+00:00,SNOWBOS-29DEC25-B2.0,38,42,40,579,296
2025-12-26T19:07:15.895449+00:00,SNOWBOS-29DEC25-B4.0,15,19,17,405,161
2025-12-26T19:07:15.895449+00:00,SNOWBOS-30DEC25-B2.0,26,30,28,360,204
2025-12-27T07:07:15.895449+00:00,HIGHNY-29DEC25-T37,96,99,99,2254,918
2025-12-27T07:07:15.895449+00:00,HIGHCHI-28DEC25-T22,82,86,84,461,22
2025-12-27T07:07:15.895449+00:00,HIGHCHI-30DEC25-T32,1,4,1,1550,150
2025-12-27T07:07:15.895449+00:00,HIGHLA-29DEC25-T48,72,76,74,468,1452
2025-12-27T07:07:15.895449+00:00,HIGHLA-29DEC25-T52,91,96,93,153,420
2025-12-27T07:07:15.895449+00:00,HIGHLA-30DEC25-T48,98,99,99,1706,1482
2025-12-27T07:07:15.895449+00:00,HIGHMIA-01JAN26-T64,75,79,77,2890,319
2025-12-27T07:07:15.895449+00:00,HIGHDAL-28DEC25-T57,2,7,4,2001,730
2025-12-27T07:07:15.895449+00:00,HIGHDAL-30DEC25-T52,21,25,22,173,1419
2025-12-27T08:07:15.895449+00:00,HIGHNY-29DEC25-T42,13,17,15,1319,1111
2025-12-27T08:07:15.895449+00:00,HIGHNY-30DEC25-T42,17,22,20,1914,897
2025-12-27T08:07:15.895449+00:00,HIGHLA-28DEC25-T48,72,76,75,2836,1092
2025-12-27T08:07:15.895449+00:00,HIGHDEN-28DEC25-T20,98,99,99,2121,901
2025-12-27T09:07:15.895449+00:00,HIGHCHI-28DEC25-T18,64,68,67,615,845
2025-12-27T09:07:15.895449+00:00,HIGHCHI-29DEC25-T22,53,56,54,2564,1413
2025-12-27T09:07:15.895449+00:00,HIGHDAL-31DEC25-T42,73,78,75,1935,426
2025-12-27T09:07:15.895449+00:00,HIGHDEN-29DEC25-T35,45,51,48,1029,544
2025-12-27T10:07:15.895449+00:00,HIGHNY-29DEC25-T27,70,74,73,1254,592
2025-12-27T10:07:15.895449+00:00,HIGHCHI-30DEC25-T18,59,63,62,959,202
2025-12-27T10:07:15.895449+00:00,HIGHLA-01JAN26-T64,80,82,81,359,266
2025-12-27T10:07:15.895449+00:00,HIGHDAL-01JAN26-T46,17,22,20,721,707
2025-12-27T10:07:15.895449+00:00,HIGHDAL-01JAN26-T56,55,60,58,402,173
2025-12-27T10:07:15.895449+00:00,HIGHDEN-30DEC25-T30,93,97,95,284,1330
2025-12-27T11:07:15.895449+00:00,HIGHCHI-28DEC25-T38,27,32,29,2816,1464
2025-12-27T11:07:15.895449+00:00,HIGHCHI-29DEC25-T38,21,25,24,1451,1348
2025-12-27T11:07:15.895449+00:00,HIGHCHI-30DEC25-T38,44,49,47,1645,1271
2025-12-27T11:07:15.895449+00:00,HIGHMIA-28DEC25-T71,54,58,56,1723,390
2025-12-27T11:07:15.895449+00:00,HIGHMIA-30DEC25-T76,28,31,29,1570,754
2025-12-27T11:07:15.895449+00:00,HIGHDEN-28DEC25-T40,41,45,44,404,851
2025-12-27T11:07:15.895449+00:00,HIGHDEN-29DEC25-T30,52,54,53,1361,672
2025-12-27T12:07:15.895449+00:00,HIGHNY-30DEC25-T27,86,90,88,1736,521
2025-12-27T12:07:15.895449+00:00,HIGHNY-30DEC25-T32,74,77,76,2491,1248
2025-12-27T12:07:15.895449+00:00,HIGHNY-01JAN26-T34,72,78,75,569,147
2025-12-27T12:07:15.895449+00:00,HIGHCHI-29DEC25-T32,20,23,21,1717,875
2025-12-27T12:07:15.895449+00:00,HIGHLA-28DEC25-T58,35,41,38,1737,1336
2025-12-27T12:07:15.895449+00:00,HIGHLA-29DEC25-T62,17,19,18,2907,1418
2025-12-27T12:07:15.895449+00:00,HIGHMIA-30DEC25-T61,64,68,67,2835,338
2025-12-27T12:07:15.895449+00:00,HIGHDAL-28DEC25-T52,15,18,17,1468,664
2025-12-27T12:07:15.895449+00:00,HIGHDAL-29DEC25-T37,84,87,86,2650,1361
2025-12-27T12:07:15.895449+00:00,HIGHDAL-29DEC25-T52,56,60,57,1425,981
2025-12-27T12:07:15.895449+00:00,HIGHDAL-31DEC25-T52,94,98,96,1927,118
2025-12-27T12:07:15.895449+00:00,HIGHDEN-29DEC25-T25,67,70,68,1041,1100
2025-12-27T13:07:15.895449+00:00,HIGHNY-28DEC25-T37,92,95,93,870,1401
2025-12-27T13:07:15.895449+00:00,HIGHNY-28DEC25-T47,27,31,30,1587,1185
2025-12-27T13:07:15.895449+00:00,HIGHNY-29DEC25-T32,96,99,98,1646,504
2025-12-27T13:07:15.895449+00:00,HIGHNY-31DEC25-T42,13,17,14,620,549
2025-12-27T13:07:15.895449+00:00,HIGHNY-01JAN26-T39,55,58,56,161,263
2025-12-27T13:07:15.895449+00:00,HIGHMIA-30DEC25-T66,50,56,53,1333,427
2025-12-27T13:07:15.895449+00:00,HIGHDEN-28DEC25-T30,44,48,46,1427,433
2025-12-27T14:07:15.895449+00:00,HIGHNY-29DEC25-T47,37,42,39,686,962
2025-12-27T14:07:15.895449+00:00,HIGHCHI-28DEC25-T28,79,81,80,1039,287
2025-12-27T14:07:15.895449+00:00,HIGHLA-28DEC25-T52,20,23,21,1001,1272
2025-12-27T14:07:15.895449+00:00,HIGHLA-30DEC25-T58,77,79,78,2731,1500
2025-12-27T14:07:15.895449+00:00,HIGHMIA-28DEC25-T81,41,47,44,2223,785
2025-12-27T14:07:15.895449+00:00,HIGHDAL-28DEC25-T47,40,42,41,1849,1117
2025-12-27T14:07:15.895449+00:00,HIGHDAL-29DEC25-T57,17,22,20,357,762
2025-12-27T14:07:15.895449+00:00,HIGHDAL-31DEC25-T57,58,64,61,2690,974
2025-12-27T15:07:15.895449+00:00,HIGHCHI-28DEC25-T32,88,92,91,2808,413
2025-12-27T15:07:15.895449+00:00,HIGHCHI-31DEC25-T32,17,21,20,2167,552
2025-12-27T15:07:15.895449+00:00,HIGHLA-28DEC25-T68,31,35,34,2434,654
2025-12-27T15:07:15.895449+00:00,HIGHMIA-29DEC25-T66,55,59,56,39,837
2025-12-27T15:07:15.895449+00:00,HIGHMIA-29DEC25-T76,43,47,46,1366,705
2025-12-27T15:07:15.895449+00:00,HIGHMIA-31DEC25-T66,95,99,96,1494,1404
2025-12-27T15:07:15.895449+00:00,HIGHDAL-29DEC25-T47,97,99,98,1485,662
2025-12-27T15:07:15.895449+00:00,HIGHDAL-30DEC25-T42,97,99,99,2203,907
2025-12-27T15:07:15.895449+00:00,HIGHDAL-30DEC25-T57,20,24,21,2231,471
2025-12-27T16:07:15.895449+00:00,HIGHNY-28DEC25-T32,93,97,94,2607,545
2025-12-27T16:07:15.895449+00:00,HIGHDAL-28DEC25-T37,64,67,66,1537,1390
2025-12-27T16:07:15.895449+00:00,HIGHDAL-28DEC25-T42,91,93,92,1976,29
2025-12-27T16:07:15.895449+00:00,HIGHDAL-29DEC25-T42,81,85,84,1920,22
2025-12-27T16:07:15.895449+00:00,HIGHDEN-28DEC25-T25,19,21,20,726,756
2025-12-27T16:07:15.895449+00:00,HIGHDEN-29DEC25-T40,16,20,18,2795,1002
2025-12-27T17:07:15.895449+00:00,HIGHNY-28DEC25-T42,48,51,50,827,947
2025-12-27T17:07:15.895449+00:00,HIGHNY-31DEC25-T27,70,75,73,1142,1488
2025-12-27T17:07:15.895449+00:00,HIGHNY-31DEC25-T32,98,99,99,1651,1012
2025-12-27T17:07:15.895449+00:00,HIGHLA-29DEC25-T68,30,33,32,769,598
2025-12-27T17:07:15.895449+00:00,HIGHLA-31DEC25-T52,81,86,83,617,34
2025-12-27T17:07:15.895449+00:00,HIGHMIA-29DEC25-T61,78,84,81,1895,191
2025-12-27T17:07:15.895449+00:00,HIGHMIA-01JAN26-T60,91,95,93,230,620
2025-12-27T17:07:15.895449+00:00,HIGHDAL-30DEC25-T47,37,40,39,2290,1387
2025-12-27T17:07:15.895449+00:00,HIGHDEN-30DEC25-T35,96,99,99,213,653
2025-12-27T18:07:15.895449+00:00,HIGHNY-28DEC25-T27,70,76,73,1249,1257
2025-12-27T18:07:15.895449+00:00,HIGHNY-30DEC25-T47,33,37,35,2284,497
2025-12-27T18:07:15.895449+00:00,HIGHCHI-29DEC25-T28,8,12,9,1076,1259
2025-12-27T18:07:15.895449+00:00,HIGHCHI-30DEC25-T28,47,53,50,404,421
2025-12-27T18:07:15.895449+00:00,HIGHLA-28DEC25-T62,29,34,32,1334,1304
2025-12-27T18:07:15.895449+00:00,HIGHLA-29DEC25-T58,4,7,5,800,1054
2025-12-27T18:07:15.895449+00:00,HIGHMIA-28DEC25-T61,61,65,62,2479,60
2025-12-27T18:07:15.895449+00:00,HIGHMIA-28DEC25-T76,20,24,22,2560,1050
2025-12-27T18:07:15.895449+00:00,HIGHMIA-29DEC25-T81,1,5,2,293,741
2025-12-27T18:07:15.895449+00:00,HIGHMIA-31DEC25-T71,51,55,54,640,670
2025-12-27T18:07:15.895449+00:00,HIGHDEN-29DEC25-T20,97,99,99,1390,169
2025-12-27T18:07:15.895449+00:00,HIGHDEN-31DEC25-T20,98,99,99,1238,1297
2025-12-27T19:07:15.895449+00:00,HIGHCHI-29DEC25-T18,71,75,74,1375,1222
2025-12-27T19:07:15.895449+00:00,HIGHCHI-01JAN26-T30,75,78,76,2509,1134
2025-12-27T19:07:15.895449+00:00,HIGHLA-30DEC25-T52,62,66,64,593,385
2025-12-27T19:07:15.895449+00:00,HIGHLA-30DEC25-T62,38,43,40,2391,191
2025-12-27T19:07:15.895449+00:00,HIGHMIA-28DEC25-T66,61,65,63,2522,521
2025-12-27T19:07:15.895449+00:00,HIGHMIA-29DEC25-T71,65,68,66,2183,735
2025-12-27T19:07:15.895449+00:00,HIGHDAL-30DEC25-T37,98,99,99,927,532
2025-12-27T19:07:15.895449+00:00,HIGHDEN-28DEC25-T35,58,64,61,2821,323
2025-12-27T19:07:15.895449+00:00,SNOWNY-28DEC25-B0.1,18,22,20,376,407
2025-12-27T19:07:15.895449+00:00,SNOWNY-28DEC25-B1.0,48,52,50,892,385
2025-12-27T19:07:15.895449+00:00,SNOWNY-28DEC25-B2.0,5,9,7,465,408
2025-12-27T19:07:15.895449+00:00,SNOWNY-28DEC25-B4.0,42,46,44,436,299
2025-12-27T19:07:15.895449+00:00,SNOWNY-29DEC25-B0.1,23,27,25,510,26
2025-12-27T19:07:15.895449+00:00,SNOWNY-29DEC25-B1.0,1,3,1,495,336
2025-12-27T19:07:15.895449+00:00,SNOWNY-29DEC25-B2.0,48,52,50,308,424
2025-12-27T19:07:15.895449+00:00,SNOWNY-29DEC25-B4.0,30,34,32,963,499
2025-12-27T19:07:15.895449+00:00,SNOWNY-30DEC25-B0.1,78,82,80,229,181
2025-12-27T19:07:15.895449+00:00,SNOWNY-30DEC25-B1.0,76,80,78,519,264
2025-12-27T19:07:15.895449+00:00,SNOWNY-30DEC25-B4.0,15,19,17,198,205
2025-12-27T19:07:15.895449+00:00,SNOWNY-31DEC25-B4.0,27,31,29,305,34
2025-12-27T19:07:15.895449+00:00,SNOWCHI-28DEC25-B0.1,21,25,23,712,114
2025-12-27T19:07:15.895449+00:00,SNOWCHI-28DEC25-B1.0,45,49,47,649,74
2025-12-27T19:07:15.895449+00:00,SNOWCHI-28DEC25-B2.0,14,18,16,889,26
2025-12-27T19:07:15.895449+00:00,SNOWCHI-28DEC25-B4.0,13,17,15,721,157
2025-12-27T19:07:15.895449+00:00,SNOWCHI-29DEC25-B0.1,97,99,99,788,479
2025-12-27T19:07:15.895449+00:00,SNOWCHI-29DEC25-B1.0,83,87,85,608,50
2025-12-27T19:07:15.895449+00:00,SNOWCHI-29DEC25-B2.0,97,99,99,518,408
2025-12-27T19:07:15.895449+00:00,SNOWCHI-29DEC25-B4.0,37,41,39,767,96
2025-12-27T19:07:15.895449+00:00,SNOWCHI-30DEC25-B1.0,27,31,29,363,232
2025-12-27T19:07:15.895449+00:00,SNOWCHI-30DEC25-B2.0,23,27,25,784,18
2025-12-27T19:07:15.895449+00:00,SNOWCHI-30DEC25-B4.0,24,28,26,916,61
2025-12-27T19:07:15.895449+00:00,SNOWCHI-31DEC25-B1.0,66,70,68,950,121
2025-12-27T19:07:15.895449+00:00,SNOWBOS-28DEC25-B0.1,45,49,47,266,371
2025-12-27T19:07:15.895449+00:00,SNOWBOS-28DEC25-B1.0,24,28,26,689,348
2025-12-27T19:07:15.895449+00:00,SNOWBOS-28DEC25-B2.0,16,20,18,260,402
2025-12-27T19:07:15.895449+00:00,SNOWBOS-28DEC25-B4.0,35,39,37,220,258
2025-12-27T19:07:15.895449+00:00,SNOWBOS-29DEC25-B0.1,47,51,49,652,398
2025-12-27T19:07:15.895449+00:00,SNOWBOS-29DEC25-B1.0,19,23,21,227,105
2025-12-27T19:07:15.895449+00:00,SNOWBOS-29DEC25-B2.0,31,35,33,361,12
2025-12-27T19:07:15.895449+00:00,SNOWBOS-29DEC25-B4.0,3,7,5,90,170
2025-12-27T19:07:15.895449+00:00,SNOWBOS-30DEC25-B0.1,31,35,33,848,316
2025-12-27T19:07:15.895449+00:00,SNOWBOS-30DEC25-B2.0,2,6,4,119,346
2025-12-27T19:07:15.895449+00:00,SNOWBOS-30DEC25-B4.0,60,64,62,660,103
2025-12-27T19:07:15.895449+00:00,SNOWBOS-31DEC25-B0.1,82,86,84,910,451
2025-12-28T07:07:15.895449+00:00,HIGHNY-30DEC25-T37,70,73,71,2192,882
2025-12-28T07:07:15.895449+00:00,HIGHLA-01JAN26-T48,79,81,80,1496,421
2025-12-28T07:07:15.895449+00:00,HIGHMIA-29DEC25-T61,58,60,59,861,890
2025-12-28T07:07:15.895449+00:00,HIGHMIA-29DEC25-T81,33,38,35,1895,481
2025-12-28T07:07:15.895449+00:00,HIGHDAL-29DEC25-T42,97,99,99,2594,1340
2025-12-28T08:07:15.895449+00:00,HIGHNY-30DEC25-T32,69,72,71,2380,57
2025-12-28T08:07:15.895449+00:00,HIGHNY-30DEC25-T42,38,41,40,364,576
2025-12-28T08:07:15.895449+00:00,HIGHNY-30DEC25-T47,28,30,29,1215,458
2025-12-28T08:07:15.895449+00:00,HIGHCHI-29DEC25-T38,42,45,43,2706,625
2025-12-28T08:07:15.895449+00:00,HIGHMIA-29DEC25-T71,82,85,84,2615,1375
2025-12-28T08:07:15.895449+00:00,HIGHMIA-01JAN26-T60,96,99,97,358,28
2025-12-28T08:07:15.895449+00:00,HIGHDAL-29DEC25-T37,77,79,78,419,1178
2025-12-28T08:07:15.895449+00:00,HIGHDAL-29DEC25-T57,37,40,39,2320,361
2025-12-28T08:07:15.895449+00:00,HIGHDEN-29DEC25-T25,68,72,71,1186,253
2025-12-28T09:07:15.895449+00:00,HIGHNY-02JAN26-T39,22,26,23,2309,676
2025-12-28T09:07:15.895449+00:00,HIGHCHI-29DEC25-T28,27,33,30,514,890
2025-12-28T09:07:15.895449+00:00,HIGHCHI-30DEC25-T18,59,64,62,1335,479
2025-12-28T09:07:15.895449+00:00,HIGHLA-29DEC25-T58,39,41,40,2242,266
2025-12-28T09:07:15.895449+00:00,HIGHLA-01JAN26-T58,97,99,99,664,460
2025-12-28T09:07:15.895449+00:00,HIGHDAL-30DEC25-T37,96,99,99,223,798
2025-12-28T09:07:15.895449+00:00,HIGHDAL-01JAN26-T36,82,87,85,256,1474
2025-12-28T09:07:15.895449+00:00,HIGHDAL-01JAN26-T56,14,16,15,2315,126
2025-12-28T10:07:15.895449+00:00,HIGHNY-31DEC25-T27,78,80,79,1223,470
2025-12-28T10:07:15.895449+00:00,HIGHCHI-30DEC25-T32,11,14,12,954,110
2025-12-28T10:07:15.895449+00:00,HIGHMIA-30DEC25-T76,16,22,19,1221,728
2025-12-28T10:07:15.895449+00:00,HIGHDAL-01JAN26-T46,21,24,22,1759,1260
2025-12-28T10:07:15.895449+00:00,HIGHDEN-30DEC25-T30,67,72,69,2911,367
2025-12-28T11:07:15.895449+00:00,HIGHNY-01JAN26-T39,39,42,41,1813,209
2025-12-28T11:07:15.895449+00:00,HIGHCHI-31DEC25-T22,67,72,69,2810,42
2025-12-28T11:07:15.895449+00:00,HIGHLA-30DEC25-T68,1,4,1,955,902
2025-12-28T11:07:15.895449+00:00,HIGHLA-01JAN26-T64,72,75,73,364,65
2025-12-28T11:07:15.895449+00:00,HIGHLA-02JAN26-T64,41,44,42,412,211
2025-12-28T11:07:15.895449+00:00,HIGHDAL-29DEC25-T52,23,27,26,969,647
2025-12-28T11:07:15.895449+00:00,HIGHDAL-02JAN26-T41,83,87,84,2099,1368
2025-12-28T11:07:15.895449+00:00,HIGHDEN-29DEC25-T30,35,38,36,247,451
2025-12-28T12:07:15.895449+00:00,HIGHCHI-30DEC25-T22,79,82,80,450,1435
2025-12-28T12:07:15.895449+00:00,HIGHLA-29DEC25-T62,32,37,35,418,1162
2025-12-28T12:07:15.895449+00:00,HIGHMIA-30DEC25-T81,7,12,10,1182,157
2025-12-28T12:07:15.895449+00:00,HIGHMIA-31DEC25-T76,10,12,11,116,343
2025-12-28T12:07:15.895449+00:00,HIGHDAL-31DEC25-T42,76,79,78,1133,308
2025-12-28T12:07:15.895449+00:00,HIGHDEN-29DEC25-T20,80,85,83,1196,1171
2025-12-28T12:07:15.895449+00:00,HIGHDEN-29DEC25-T40,17,23,20,2298,520
2025-12-28T12:07:15.895449+00:00,HIGHDEN-02JAN26-T36,40,45,43,768,1099
2025-12-28T13:07:15.895449+00:00,HIGHCHI-31DEC25-T28,91,97,94,197,35
2025-12-28T13:07:15.895449+00:00,HIGHDAL-31DEC25-T57,34,36,35,1395,1417
2025-12-28T13:07:15.895449+00:00,HIGHDEN-30DEC25-T25,64,67,66,2064,551
2025-12-28T13:07:15.895449+00:00,HIGHDEN-01JAN26-T30,97,99,99,1269,1227
2025-12-28T14:07:15.895449+00:00,HIGHCHI-31DEC25-T32,22,26,25,231,714
2025-12-28T14:07:15.895449+00:00,HIGHCHI-01JAN26-T30,62,66,64,2037,265
2025-12-28T14:07:15.895449+00:00,HIGHCHI-02JAN26-T25,85,90,87,1993,1244
2025-12-28T14:07:15.895449+00:00,HIGHLA-31DEC25-T52,87,89,88,902,9
2025-12-28T14:07:15.895449+00:00,HIGHMIA-29DEC25-T76,52,57,54,2482,1492
2025-12-28T14:07:15.895449+00:00,HIGHMIA-30DEC25-T71,57,61,58,2769,39
2025-12-28T14:07:15.895449+00:00,HIGHMIA-01JAN26-T64,79,84,82,632,468
2025-12-28T14:07:15.895449+00:00,HIGHDAL-30DEC25-T42,73,76,75,1165,1134
2025-12-28T14:07:15.895449+00:00,HIGHDAL-31DEC25-T47,68,71,70,1412,1186
2025-12-28T14:07:15.895449+00:00,HIGHDEN-31DEC25-T20,66,68,67,1420,409
2025-12-28T15:07:15.895449+00:00,HIGHNY-01JAN26-T34,94,98,96,2089,552
2025-12-28T15:07:15.895449+00:00,HIGHLA-29DEC25-T52,86,92,89,2151,138
2025-12-28T15:07:15.895449+00:00,HIGHLA-02JAN26-T58,1,4,1,714,40
2025-12-28T15:07:15.895449+00:00,HIGHMIA-30DEC25-T61,55,59,57,2199,957
2025-12-28T15:07:15.895449+00:00,HIGHMIA-31DEC25-T71,76,78,77,845,624
2025-12-28T16:07:15.895449+00:00,HIGHNY-29DEC25-T27,80,84,82,1821,1388
2025-12-28T16:07:15.895449+00:00,HIGHNY-01JAN26-T44,14,20,17,421,913
2025-12-28T16:07:15.895449+00:00,HIGHCHI-29DEC25-T22,71,75,72,406,511
2025-12-28T16:07:15.895449+00:00,HIGHLA-29DEC25-T48,89,92,91,2020,257
2025-12-28T16:07:15.895449+00:00,HIGHMIA-31DEC25-T66,94,99,97,1180,24
2025-12-28T16:07:15.895449+00:00,HIGHDAL-30DEC25-T52,13,18,16,1656,971
2025-12-28T16:07:15.895449+00:00,HIGHDAL-02JAN26-T51,14,17,15,866,134
2025-12-28T16:07:15.895449+00:00,HIGHDAL-02JAN26-T56,27,33,30,191,175
2025-12-28T16:07:15.895449+00:00,HIGHDEN-30DEC25-T20,97,99,99,2558,507
2025-12-28T16:07:15.895449+00:00,HIGHDEN-30DEC25-T40,86,90,89,134,1110
2025-12-28T17:07:15.895449+00:00,HIGHNY-29DEC25-T32,85,87,86,1751,453
2025-12-28T17:07:15.895449+00:00,HIGHNY-29DEC25-T37,92,96,94,1071,511
2025-12-28T17:07:15.895449+00:00,HIGHNY-29DEC25-T47,54,60,57,2725,60
2025-12-28T17:07:15.895449+00:00,HIGHNY-31DEC25-T42,32,38,35,1192,904
2025-12-28T17:07:15.895449+00:00,HIGHCHI-29DEC25-T32,10,13,12,2321,802
2025-12-28T17:07:15.895449+00:00,HIGHLA-30DEC25-T48,66,69,68,1686,1118
2025-12-28T17:07:15.895449+00:00,HIGHLA-30DEC25-T62,42,47,45,2889,589
2025-12-28T17:07:15.895449+00:00,HIGHMIA-29DEC25-T66,42,48,45,1431,1308
2025-12-28T17:07:15.895449+00:00,HIGHDAL-30DEC25-T57,21,24,22,2601,265
2025-12-28T17:07:15.895449+00:00,HIGHDAL-31DEC25-T52,96,99,99,2865,180
2025-12-28T17:07:15.895449+00:00,HIGHDEN-30DEC25-T35,86,89,87,699,85
2025-12-28T18:07:15.895449+00:00,HIGHNY-29DEC25-T42,41,45,44,273,854
2025-12-28T18:07:15.895449+00:00,HIGHNY-30DEC25-T27,59,62,61,2672,145
2025-12-28T18:07:15.895449+00:00,HIGHNY-31DEC25-T32,80,84,83,631,310
2025-12-28T18:07:15.895449+00:00,HIGHCHI-29DEC25-T18,92,94,93,2404,1386
2025-12-28T18:07:15.895449+00:00,HIGHCHI-01JAN26-T35,26,29,28,2103,163
2025-12-28T18:07:15.895449+00:00,HIGHLA-30DEC25-T52,55,59,57,2917,577
2025-12-28T18:07:15.895449+00:00,HIGHDAL-30DEC25-T47,1,3,2,1395,49
2025-12-28T18:07:15.895449+00:00,HIGHDEN-29DEC25-T35,38,42,39,2979,1276
2025-12-28T18:07:15.895449+00:00,HIGHDEN-31DEC25-T35,22,27,24,556,170
2025-12-28T19:07:15.895449+00:00,HIGHNY-02JAN26-T34,46,50,48,1711,364
2025-12-28T19:07:15.895449+00:00,HIGHCHI-30DEC25-T28,26,31,28,2248,152
2025-12-28T19:07:15.895449+00:00,HIGHCHI-30DEC25-T38,12,17,14,132,71
2025-12-28T19:07:15.895449+00:00,HIGHLA-29DEC25-T68,21,27,24,2768,443
2025-12-28T19:07:15.895449+00:00,HIGHLA-30DEC25-T58,93,98,95,1837,976
2025-12-28T19:07:15.895449+00:00,HIGHMIA-30DEC25-T66,61,65,64,933,506
2025-12-28T19:07:15.895449+00:00,HIGHDAL-29DEC25-T47,96,99,99,2491,54
2025-12-28T19:07:15.895449+00:00,HIGHDEN-01JAN26-T40,29,32,31,2845,769
2025-12-28T19:07:15.895449+00:00,SNOWNY-29DEC25-B0.1,7,11,9,618,355
2025-12-28T19:07:15.895449+00:00,SNOWNY-29DEC25-B1.0,30,34,32,305,85
2025-12-28T19:07:15.895449+00:00,SNOWNY-29DEC25-B2.0,58,62,60,30,396
2025-12-28T19:07:15.895449+00:00,SNOWNY-29DEC25-B4.0,7,11,9,200,117
2025-12-28T19:07:15.895449+00:00,SNOWNY-30DEC25-B0.1,63,67,65,533,407
2025-12-28T19:07:15.895449+00:00,SNOWNY-30DEC25-B1.0,77,81,79,118,379
2025-12-28T19:07:15.895449+00:00,SNOWNY-30DEC25-B2.0,97,99,99,972,138
2025-12-28T19:07:15.895449+00:00,SNOWNY-30DEC25-B4.0,34,38,36,571,17
2025-12-28T19:07:15.895449+00:00,SNOWNY-31DEC25-B1.0,37,41,39,76,299
2025-12-28T19:07:15.895449+00:00,SNOWNY-31DEC25-B2.0,1,3,1,993,186
2025-12-28T19:07:15.895449+00:00,SNOWNY-31DEC25-B4.0,17,21,19,191,86
2025-12-28T19:07:15.895449+00:00,SNOWNY-01JAN26-B0.1,12,16,14,514,324
2025-12-28T19:07:15.895449+00:00,SNOWNY-01JAN26-B2.0,39,43,41,349,373
2025-12-28T19:07:15.895449+00:00,SNOWCHI-29DEC25-B0.1,53,57,55,538,95
2025-12-28T19:07:15.895449+00:00,SNOWCHI-29DEC25-B1.0,61,65,63,919,499
2025-12-28T19:07:15.895449+00:00,SNOWCHI-29DEC25-B2.0,97,99,99,811,255
2025-12-28T19:07:15.895449+00:00,SNOWCHI-29DEC25-B4.0,25,29,27,637,382
2025-12-28T19:07:15.895449+00:00,SNOWCHI-30DEC25-B0.1,97,99,99,76,459
2025-12-28T19:07:15.895449+00:00,SNOWCHI-30DEC25-B1.0,26,30,28,487,13
2025-12-28T19:07:15.895449+00:00,SNOWCHI-30DEC25-B2.0,23,27,25,489,107
2025-12-28T19:07:15.895449+00:00,SNOWCHI-30DEC25-B4.0,5,9,7,846,268
2025-12-28T19:07:15.895449+00:00,SNOWCHI-31DEC25-B1.0,29,33,31,941,360
2025-12-28T19:07:15.895449+00:00,SNOWCHI-01JAN26-B1.0,29,33,31,423,362
2025-12-28T19:07:15.895449+00:00,SNOWCHI-01JAN26-B2.0,52,56,54,31,228
2025-12-28T19:07:15.895449+00:00,SNOWBOS-29DEC25-B0.1,59,63,61,699,375
2025-12-28T19:07:15.895449+00:00,SNOWBOS-29DEC25-B1.0,34,38,36,566,304
2025-12-28T19:07:15.895449+00:00,SNOWBOS-29DEC25-B2.0,30,34,32,733,40
2025-12-28T19:07:15.895449+00:00,SNOWBOS-29DEC25-B4.0,34,38,36,237,115
2025-12-28T19:07:15.895449+00:00,SNOWBOS-30DEC25-B0.1,29,33,31,522,159
2025-12-28T19:07:15.895449+00:00,SNOWBOS-30DEC25-B1.0,60,64,62,401,240
2025-12-28T19:07:15.895449+00:00,SNOWBOS-30DEC25-B2.0,25,29,27,427,250
2025-12-28T19:07:15.895449+00:00,SNOWBOS-30DEC25-B4.0,37,41,39,502,364
2025-12-28T19:07:15.895449+00:00,SNOWBOS-31DEC25-B0.1,20,24,22,973,397
2025-12-29T07:07:15.895449+00:00,HIGHNY-30DEC25-T27,98,99,99,1022,413
2025-12-29T07:07:15.895449+00:00,HIGHNY-31DEC25-T32,96,99,97,1714,1246
2025-12-29T07:07:15.895449+00:00,HIGHNY-31DEC25-T37,16,19,17,2715,171
2025-12-29T07:07:15.895449+00:00,HIGHNY-31DEC25-T47,3,6,4,2135,1339
2025-12-29T07:07:15.895449+00:00,HIGHNY-03JAN26-T29,75,79,76,187,1494
2025-12-29T07:07:15.895449+00:00,HIGHCHI-30DEC25-T18,71,75,72,1583,865
2025-12-29T07:07:15.895449+00:00,HIGHCHI-01JAN26-T25,62,67,64,1626,84
2025-12-29T07:07:15.895449+00:00,HIGHLA-02JAN26-T48,31,35,34,1889,1373
2025-12-29T07:07:15.895449+00:00,HIGHDAL-03JAN26-T46,38,42,41,1577,118
2025-12-29T07:07:15.895449+00:00,HIGHDEN-30DEC25-T30,93,95,94,2217,1334
2025-12-29T07:07:15.895449+00:00,HIGHDEN-01JAN26-T20,96,99,99,1904,202
2025-12-29T07:07:15.895449+00:00,HIGHDEN-03JAN26-T20,89,92,90,985,751
2025-12-29T08:07:15.895449+00:00,HIGHCHI-31DEC25-T28,53,56,55,1167,94
2025-12-29T08:07:15.895449+00:00,HIGHLA-30DEC25-T52,76,80,79,2251,145
2025-12-29T08:07:15.895449+00:00,HIGHLA-30DEC25-T62,21,26,23,1762,1057
2025-12-29T08:07:15.895449+00:00,HIGHLA-31DEC25-T68,13,16,15,403,1076
2025-12-29T08:07:15.895449+00:00,HIGHMIA-30DEC25-T61,71,73,72,2784,1264
2025-12-29T08:07:15.895449+00:00,HIGHMIA-31DEC25-T66,96,99,99,1797,483
2025-12-29T08:07:15.895449+00:00,HIGHMIA-31DEC25-T71,82,85,83,2067,1459
2025-12-29T08:07:15.895449+00:00,HIGHMIA-02JAN26-T64,15,19,17,1501,1067
2025-12-29T08:07:15.895449+00:00,HIGHDAL-31DEC25-T37,90,96,93,1262,45
2025-12-29T08:07:15.895449+00:00,HIGHDEN-30DEC25-T35,98,99,99,1391,369
2025-12-29T08:07:15.895449+00:00,HIGHDEN-31DEC25-T35,25,28,26,1390,45
2025-12-29T08:07:15.895449+00:00,HIGHDEN-01JAN26-T40,45,50,48,1301,762
2025-12-29T09:07:15.895449+00:00,HIGHNY-30DEC25-T37,28,32,30,442,892
2025-12-29T09:07:15.895449+00:00,HIGHLA-30DEC25-T68,24,28,25,458,1176
2025-12-29T09:07:15.895449+00:00,HIGHMIA-01JAN26-T60,77,81,80,2083,986
2025-12-29T09:07:15.895449+00:00,HIGHMIA-03JAN26-T60,89,92,90,623,456
2025-12-29T09:07:15.895449+00:00,HIGHDAL-30DEC25-T37,96,99,99,1053,561
2025-12-29T09:07:15.895449+00:00,HIGHDAL-31DEC25-T47,59,64,62,73,1092
2025-12-29T09:07:15.895449+00:00,HIGHDAL-02JAN26-T51,6,10,7,1334,1051
2025-12-29T09:07:15.895449+00:00,HIGHDEN-31DEC25-T20,92,96,95,2811,627
2025-12-29T10:07:15.895449+00:00,HIGHNY-02JAN26-T29,64,69,67,99,1353
2025-12-29T10:07:15.895449+00:00,HIGHNY-02JAN26-T39,14,18,15,1911,1440
2025-12-29T10:07:15.895449+00:00,HIGHCHI-30DEC25-T32,17,19,18,1197,519
2025-12-29T10:07:15.895449+00:00,HIGHLA-30DEC25-T48,85,88,87,255,201
2025-12-29T10:07:15.895449+00:00,HIGHMIA-30DEC25-T66,53,58,56,383,774
2025-12-29T10:07:15.895449+00:00,HIGHMIA-31DEC25-T76,15,21,18,844,1034
2025-12-29T10:07:15.895449+00:00,HIGHMIA-31DEC25-T81,24,26,25,489,1177
2025-12-29T10:07:15.895449+00:00,HIGHMIA-01JAN26-T80,24,26,25,1927,691
2025-12-29T10:07:15.895449+00:00,HIGHDAL-30DEC25-T42,78,81,79,1826,869
2025-12-29T10:07:15.895449+00:00,HIGHDEN-31DEC25-T40,69,72,71,2509,816
2025-12-29T11:07:15.895449+00:00,HIGHNY-01JAN26-T39,7,11,10,316,966
2025-12-29T11:07:15.895449+00:00,HIGHCHI-31DEC25-T22,55,58,56,2882,879
2025-12-29T11:07:15.895449+00:00,HIGHLA-31DEC25-T62,31,35,32,1751,988
2025-12-29T11:07:15.895449+00:00,HIGHMIA-30DEC25-T81,11,14,13,2724,756
2025-12-29T11:07:15.895449+00:00,HIGHDAL-01JAN26-T36,98,99,99,2652,878
2025-12-29T11:07:15.895449+00:00,HIGHDAL-02JAN26-T41,82,87,84,334,356
2025-12-29T12:07:15.895449+00:00,HIGHNY-30DEC25-T42,40,44,42,127,1017
2025-12-29T12:07:15.895449+00:00,HIGHCHI-30DEC25-T22,50,56,53,2289,414
2025-12-29T12:07:15.895449+00:00,HIGHLA-01JAN26-T68,23,26,25,448,1278
2025-12-29T12:07:15.895449+00:00,HIGHMIA-30DEC25-T76,21,26,23,2344,764
2025-12-29T12:07:15.895449+00:00,HIGHDAL-30DEC25-T47,41,44,42,1061,150
2025-12-29T12:07:15.895449+00:00,HIGHDAL-01JAN26-T46,26,31,28,2097,295
2025-12-29T12:07:15.895449+00:00,HIGHDEN-30DEC25-T25,78,83,81,2943,1320
2025-12-29T12:07:15.895449+00:00,HIGHDEN-01JAN26-T36,68,73,70,1517,592
2025-12-29T13:07:15.895449+00:00,HIGHNY-30DEC25-T47,46,51,48,2392,760
2025-12-29T13:07:15.895449+00:00,HIGHCHI-31DEC25-T32,8,10,9,2143,477
2025-12-29T13:07:15.895449+00:00,HIGHLA-31DEC25-T48,60,63,61,2500,1500
2025-12-29T13:07:15.895449+00:00,HIGHLA-02JAN26-T58,18,22,20,2642,185
2025-12-29T13:07:15.895449+00:00,HIGHMIA-31DEC25-T61,98,99,99,2509,1293
2025-12-29T14:07:15.895449+00:00,HIGHNY-31DEC25-T27,67,71,68,2197,264
2025-12-29T14:07:15.895449+00:00,HIGHNY-01JAN26-T24,50,55,52,160,936
2025-12-29T14:07:15.895449+00:00,HIGHCHI-30DEC25-T28,5,11,8,2640,1086
2025-12-29T14:07:15.895449+00:00,HIGHCHI-30DEC25-T38,14,17,15,253,290
2025-12-29T14:07:15.895449+00:00,HIGHCHI-31DEC25-T18,96,99,99,2268,985
2025-12-29T14:07:15.895449+00:00,HIGHLA-01JAN26-T48,61,65,63,1546,1182
2025-12-29T14:07:15.895449+00:00,HIGHLA-01JAN26-T58,62,66,63,397,1151
2025-12-29T14:07:15.895449+00:00,HIGHDAL-31DEC25-T42,86,89,87,529,1107
2025-12-29T14:07:15.895449+00:00,HIGHDAL-31DEC25-T52,93,97,94,2553,1422
2025-12-29T14:07:15.895449+00:00,HIGHDAL-01JAN26-T56,23,28,25,2384,524
2025-12-29T14:07:15.895449+00:00,HIGHDEN-30DEC25-T20,86,90,89,1999,410
2025-12-29T14:07:15.895449+00:00,HIGHDEN-03JAN26-T40,23,25,24,402,626
2025-12-29T15:07:15.895449+00:00,HIGHNY-30DEC25-T32,78,82,80,2938,411
2025-12-29T15:07:15.895449+00:00,HIGHNY-01JAN26-T29,32,38,35,990,1458
2025-12-29T15:07:15.895449+00:00,HIGHCHI-03JAN26-T25,80,86,83,501,915
2025-12-29T15:07:15.895449+00:00,HIGHDAL-30DEC25-T57,30,36,33,1152,1014
2025-12-29T15:07:15.895449+00:00,HIGHDAL-31DEC25-T57,30,34,31,1377,59
2025-12-29T15:07:15.895449+00:00,HIGHDEN-30DEC25-T40,92,98,95,2333,342
2025-12-29T15:07:15.895449+00:00,HIGHDEN-31DEC25-T25,97,99,99,2784,928
2025-12-29T15:07:15.895449+00:00,HIGHDEN-31DEC25-T30,82,85,84,2109,1177
2025-12-29T16:07:15.895449+00:00,HIGHNY-02JAN26-T34,64,69,67,2184,1032
2025-12-29T16:07:15.895449+00:00,HIGHCHI-01JAN26-T30,71,75,72,2696,106
2025-12-29T16:07:15.895449+00:00,HIGHCHI-01JAN26-T35,54,59,57,302,1319
2025-12-29T16:07:15.895449+00:00,HIGHCHI-02JAN26-T25,86,89,88,2342,261
2025-12-29T17:07:15.895449+00:00,HIGHNY-01JAN26-T44,35,37,36,1338,119
2025-12-29T17:07:15.895449+00:00,HIGHLA-30DEC25-T58,86,91,88,2572,728
2025-12-29T18:07:15.895449+00:00,HIGHNY-31DEC25-T42,38,43,40,1658,562
2025-12-29T18:07:15.895449+00:00,HIGHNY-03JAN26-T34,89,95,92,890,885
2025-12-29T18:07:15.895449+00:00,HIGHLA-01JAN26-T64,66,70,67,2578,879
2025-12-29T18:07:15.895449+00:00,HIGHMIA-30DEC25-T71,13,15,14,1882,578
2025-12-29T18:07:15.895449+00:00,HIGHMIA-01JAN26-T64,63,66,65,812,1361
2025-12-29T18:07:15.895449+00:00,HIGHDEN-01JAN26-T30,76,82,79,1255,1235
2025-12-29T18:07:15.895449+00:00,HIGHDEN-02JAN26-T36,54,58,56,1813,940
2025-12-29T18:07:15.895449+00:00,HIGHDEN-03JAN26-T30,91,97,94,2615,915
2025-12-29T19:07:15.895449+00:00,HIGHNY-01JAN26-T34,79,84,82,618,919
2025-12-29T19:07:15.895449+00:00,HIGHNY-02JAN26-T44,11,14,12,416,1409
2025-12-29T19:07:15.895449+00:00,HIGHCHI-31DEC25-T38,20,23,21,1148,1209
2025-12-29T19:07:15.895449+00:00,HIGHLA-31DEC25-T52,70,75,72,2935,830
2025-12-29T19:07:15.895449+00:00,HIGHLA-31DEC25-T58,70,73,71,2335,1290
2025-12-29T19:07:15.895449+00:00,HIGHLA-02JAN26-T64,24,27,25,1283,406
2025-12-29T19:07:15.895449+00:00,HIGHMIA-01JAN26-T70,24,29,26,2498,580
2025-12-29T19:07:15.895449+00:00,HIGHDAL-30DEC25-T52,7,11,9,418,851
2025-12-29T19:07:15.895449+00:00,HIGHDAL-02JAN26-T36,84,88,85,744,923
2025-12-29T19:07:15.895449+00:00,HIGHDAL-02JAN26-T56,19,24,21,713,852
2025-12-29T19:07:15.895449+00:00,HIGHDAL-03JAN26-T41,83,87,84,1132,1017
2025-12-29T19:07:15.895449+00:00,HIGHDEN-02JAN26-T30,29,35,32,2921,1298
2025-12-29T19:07:15.895449+00:00,SNOWNY-30DEC25-B0.1,59,63,61,956,256
2025-12-29T19:07:15.895449+00:00,SNOWNY-30DEC25-B1.0,76,80,78,644,219
2025-12-29T19:07:15.895449+00:00,SNOWNY-30DEC25-B2.0,59,63,61,763,191
2025-12-29T19:07:15.895449+00:00,SNOWNY-30DEC25-B4.0,13,17,15,668,344
2025-12-29T19:07:15.895449+00:00,SNOWNY-31DEC25-B0.1,32,36,34,834,183
2025-12-29T19:07:15.895449+00:00,SNOWNY-31DEC25-B1.0,7,11,9,877,126
2025-12-29T19:07:15.895449+00:00,SNOWNY-31DEC25-B2.0,25,29,27,82,264
2025-12-29T19:07:15.895449+00:00,SNOWNY-31DEC25-B4.0,26,30,28,950,468
2025-12-29T19:07:15.895449+00:00,SNOWNY-01JAN26-B0.1,51,55,53,125,438
2025-12-29T19:07:15.895449+00:00,SNOWNY-01JAN26-B1.0,35,39,37,893,322
2025-12-29T19:07:15.895449+00:00,SNOWNY-01JAN26-B2.0,8,12,10,272,407
2025-12-29T19:07:15.895449+00:00,SNOWNY-02JAN26-B1.0,88,92,90,109,276
2025-12-29T19:07:15.895449+00:00,SNOWNY-02JAN26-B2.0,16,20,18,250,442
2025-12-29T19:07:15.895449+00:00,SNOWNY-02JAN26-B4.0,8,12,10,977,470
2025-12-29T19:07:15.895449+00:00,SNOWCHI-30DEC25-B0.1,88,92,90,202,184
2025-12-29T19:07:15.895449+00:00,SNOWCHI-30DEC25-B1.0,21,25,23,923,223
2025-12-29T19:07:15.895449+00:00,SNOWCHI-30DEC25-B2.0,28,32,30,404,272
2025-12-29T19:07:15.895449+00:00,SNOWCHI-30DEC25-B4.0,10,14,12,271,367
2025-12-29T19:07:15.895449+00:00,SNOWCHI-31DEC25-B0.1,62,66,64,273,145
2025-12-29T19:07:15.895449+00:00,SNOWCHI-31DEC25-B1.0,58,62,60,331,470
2025-12-29T19:07:15.895449+00:00,SNOWCHI-31DEC25-B2.0,1,3,1,551,318
2025-12-29T19:07:15.895449+00:00,SNOWCHI-31DEC25-B4.0,35,39,37,694,322
2025-12-29T19:07:15.895449+00:00,SNOWCHI-01JAN26-B1.0,32,36,34,409,3
2025-12-29T19:07:15.895449+00:00,SNOWCHI-01JAN26-B2.0,14,18,16,32,90
2025-12-29T19:07:15.895449+00:00,SNOWCHI-01JAN26-B4.0,50,54,52,341,463
2025-12-29T19:07:15.895449+00:00,SNOWCHI-02JAN26-B4.0,37,41,39,325,349
2025-12-29T19:07:15.895449+00:00,SNOWBOS-30DEC25-B0.1,31,35,33,551,315
2025-12-29T19:07:15.895449+00:00,SNOWBOS-30DEC25-B1.0,43,47,45,74,336
2025-12-29T19:07:15.895449+00:00,SNOWBOS-30DEC25-B2.0,1,4,2,316,436
2025-12-29T19:07:15.895449+00:00,SNOWBOS-30DEC25-B4.0,19,23,21,460,108
2025-12-29T19:07:15.895449+00:00,SNOWBOS-31DEC25-B0.1,19,23,21,385,127
2025-12-29T19:07:15.895449+00:00,SNOWBOS-31DEC25-B1.0,44,48,46,466,164
2025-12-29T19:07:15.895449+00:00,SNOWBOS-31DEC25-B2.0,88,92,90,411,62
2025-12-29T19:07:15.895449+00:00,SNOWBOS-31DEC25-B4.0,54,58,56,8,25
2025-12-29T19:07:15.895449+00:00,SNOWBOS-01JAN26-B0.1,58,62,60,873,6
2025-12-29T19:07:15.895449+00:00,SNOWBOS-01JAN26-B1.0,75,79,77,294,78
2025-12-29T19:07:15.895449+00:00,SNOWBOS-01JAN26-B2.0,15,19,17,848,193
2025-12-29T19:07:15.895449+00:00,SNOWBOS-01JAN26-B4.0,1,3,1,899,469
2025-12-29T19:07:15.895449+00:00,SNOWBOS-02JAN26-B0.1,27,31,29,44,341
2025-12-30T07:07:15.895449+00:00,HIGHNY-01JAN26-T39,40,45,42,2847,819
2025-12-30T07:07:15.895449+00:00,HIGHNY-03JAN26-T29,96,99,99,1245,943
2025-12-30T07:07:15.895449+00:00,HIGHCHI-02JAN26-T15,77,83,80,2091,1195
2025-12-30T07:07:15.895449+00:00,HIGHLA-02JAN26-T58,28,32,29,2264,169
2025-12-30T07:07:15.895449+00:00,HIGHLA-04JAN26-T64,24,29,27,2187,1318
2025-12-30T07:07:15.895449+00:00,HIGHMIA-01JAN26-T74,53,58,55,208,1150
2025-12-30T07:07:15.895449+00:00,HIGHDAL-31DEC25-T47,56,60,58,2365,244
2025-12-30T07:07:15.895449+00:00,HIGHDAL-04JAN26-T56,57,62,60,799,795
2025-12-30T08:07:15.895449+00:00,HIGHCHI-04JAN26-T15,76,80,78,2471,848
2025-12-30T08:07:15.895449+00:00,HIGHLA-01JAN26-T54,51,56,54,2453,596
2025-12-30T08:07:15.895449+00:00,HIGHLA-04JAN26-T54,47,53,50,1361,481
2025-12-30T08:07:15.895449+00:00,HIGHMIA-31DEC25-T61,97,99,99,2920,610
2025-12-30T08:07:15.895449+00:00,HIGHMIA-03JAN26-T70,13,16,15,2442,732
2025-12-30T08:07:15.895449+00:00,HIGHDEN-31DEC25-T35,35,37,36,598,565
2025-12-30T08:07:15.895449+00:00,HIGHDEN-01JAN26-T40,13,17,16,2711,873
2025-12-30T08:07:15.895449+00:00,HIGHDEN-02JAN26-T36,42,46,44,2757,1463
2025-12-30T08:07:15.895449+00:00,HIGHDEN-03JAN26-T40,47,49,48,2557,1176
2025-12-30T09:07:15.895449+00:00,HIGHCHI-01JAN26-T15,60,65,63,116,1251
2025-12-30T09:07:15.895449+00:00,HIGHCHI-03JAN26-T15,50,54,52,1806,366
2025-12-30T09:07:15.895449+00:00,HIGHLA-31DEC25-T48,62,65,63,953,575
2025-12-30T09:07:15.895449+00:00,HIGHLA-02JAN26-T64,45,47,46,495,1455
2025-12-30T09:07:15.895449+00:00,HIGHDEN-01JAN26-T20,97,99,99,738,139
2025-12-30T09:07:15.895449+00:00,HIGHDEN-01JAN26-T30,77,82,80,2476,1459
2025-12-30T10:07:15.895449+00:00,HIGHNY-31DEC25-T32,90,94,91,1568,927
2025-12-30T10:07:15.895449+00:00,HIGHCHI-01JAN26-T25,39,45,42,60,259
2025-12-30T10:07:15.895449+00:00,HIGHCHI-03JAN26-T35,18,22,21,2622,719
2025-12-30T10:07:15.895449+00:00,HIGHLA-01JAN26-T48,64,69,66,2893,564
2025-12-30T10:07:15.895449+00:00,HIGHLA-02JAN26-T54,7,10,9,2100,626
2025-12-30T10:07:15.895449+00:00,HIGHMIA-01JAN26-T80,30,34,31,1341,1114
2025-12-30T10:07:15.895449+00:00,HIGHDAL-31DEC25-T42,81,85,83,1884,890
2025-12-30T10:07:15.895449+00:00,HIGHDAL-31DEC25-T52,97,99,99,1336,275
2025-12-30T10:07:15.895449+00:00,HIGHDAL-31DEC25-T57,35,40,38,667,968
2025-12-30T10:07:15.895449+00:00,HIGHDEN-02JAN26-T30,41,47,44,1484,277
2025-12-30T11:07:15.895449+00:00,HIGHNY-31DEC25-T42,37,42,39,1330,1241
2025-12-30T11:07:15.895449+00:00,HIGHNY-01JAN26-T34,81,86,83,2235,777
2025-12-30T11:07:15.895449+00:00,HIGHCHI-31DEC25-T22,49,52,51,2531,758
2025-12-30T11:07:15.895449+00:00,HIGHCHI-01JAN26-T20,52,57,55,1746,1177
2025-12-30T11:07:15.895449+00:00,HIGHCHI-02JAN26-T25,91,95,94,2490,538
2025-12-30T11:07:15.895449+00:00,HIGHMIA-03JAN26-T60,83,87,86,2838,207
2025-12-30T11:07:15.895449+00:00,HIGHDAL-02JAN26-T41,93,97,95,2049,1107
2025-12-30T11:07:15.895449+00:00,HIGHDEN-31DEC25-T20,92,97,95,1013,140
2025-12-30T12:07:15.895449+00:00,HIGHNY-31DEC25-T47,40,44,41,1795,1305
2025-12-30T12:07:15.895449+00:00,HIGHNY-03JAN26-T34,94,98,96,1867,821
2025-12-30T12:07:15.895449+00:00,HIGHLA-31DEC25-T52,60,64,61,29,11
2025-12-30T12:07:15.895449+00:00,HIGHLA-03JAN26-T64,72,77,75,2750,605
2025-12-30T12:07:15.895449+00:00,HIGHMIA-01JAN26-T64,80,86,83,324,195
2025-12-30T12:07:15.895449+00:00,HIGHMIA-03JAN26-T80,16,19,17,2329,622
2025-12-30T12:07:15.895449+00:00,HIGHDAL-01JAN26-T41,1,2,1,1968,1020
2025-12-30T12:07:15.895449+00:00,HIGHDAL-02JAN26-T36,59,64,61,847,157
2025-12-30T12:07:15.895449+00:00,HIGHDAL-03JAN26-T41,84,87,86,1350,530
2025-12-30T12:07:15.895449+00:00,HIGHDAL-04JAN26-T41,21,25,23,2009,273
2025-12-30T12:07:15.895449+00:00,HIGHDEN-31DEC25-T30,97,99,99,2490,1355
2025-12-30T12:07:15.895449+00:00,HIGHDEN-03JAN26-T20,82,86,84,845,1232
2025-12-30T12:07:15.895449+00:00,HIGHDEN-03JAN26-T30,68,70,69,2867,884
2025-12-30T13:07:15.895449+00:00,HIGHNY-02JAN26-T29,86,90,89,2493,1022
2025-12-30T13:07:15.895449+00:00,HIGHNY-04JAN26-T24,96,99,99,1423,885
2025-12-30T13:07:15.895449+00:00,HIGHCHI-31DEC25-T38,4,9,7,2038,43
2025-12-30T13:07:15.895449+00:00,HIGHCHI-01JAN26-T35,63,65,64,1347,1248
2025-12-30T13:07:15.895449+00:00,HIGHCHI-03JAN26-T25,14,19,16,2749,243
2025-12-30T13:07:15.895449+00:00,HIGHLA-04JAN26-T68,20,23,21,2683,777
2025-12-30T13:07:15.895449+00:00,HIGHMIA-01JAN26-T70,91,95,93,2821,1243
2025-12-30T13:07:15.895449+00:00,HIGHMIA-02JAN26-T80,33,36,34,1861,188
2025-12-30T13:07:15.895449+00:00,HIGHMIA-04JAN26-T74,40,44,41,1772,743
2025-12-30T13:07:15.895449+00:00,HIGHDAL-01JAN26-T36,69,73,71,2509,1111
2025-12-30T13:07:15.895449+00:00,HIGHDEN-31DEC25-T40,14,17,15,1447,996
2025-12-30T14:07:15.895449+00:00,HIGHNY-02JAN26-T44,14,19,17,258,820
2025-12-30T14:07:15.895449+00:00,HIGHCHI-31DEC25-T28,65,69,68,1207,270
2025-12-30T14:07:15.895449+00:00,HIGHMIA-31DEC25-T71,61,67,64,1781,1422
2025-12-30T14:07:15.895449+00:00,HIGHDAL-03JAN26-T46,93,95,94,2334,1027
2025-12-30T14:07:15.895449+00:00,HIGHDEN-01JAN26-T36,93,98,96,1338,444
2025-12-30T15:07:15.895449+00:00,HIGHNY-31DEC25-T27,74,78,75,2020,215
2025-12-30T15:07:15.895449+00:00,HIGHNY-01JAN26-T44,18,23,20,2802,373
2025-12-30T15:07:15.895449+00:00,HIGHNY-02JAN26-T34,97,99,99,1397,240
2025-12-30T15:07:15.895449+00:00,HIGHNY-02JAN26-T39,7,10,8,2027,242
2025-12-30T15:07:15.895449+00:00,HIGHCHI-31DEC25-T32,22,24,23,1535,1489
2025-12-30T15:07:15.895449+00:00,HIGHLA-31DEC25-T62,16,18,17,104,1227
2025-12-30T15:07:15.895449+00:00,HIGHMIA-31DEC25-T66,54,57,56,731,1472
2025-12-30T15:07:15.895449+00:00,HIGHMIA-01JAN26-T60,63,65,64,989,1484
2025-12-30T15:07:15.895449+00:00,HIGHMIA-02JAN26-T64,1,4,1,1974,1462
2025-12-30T15:07:15.895449+00:00,HIGHMIA-03JAN26-T74,1,3,1,2865,658
2025-12-30T15:07:15.895449+00:00,HIGHDAL-02JAN26-T51,12,14,13,1964,122
2025-12-30T16:07:15.895449+00:00,HIGHCHI-01JAN26-T30,75,80,77,1309,90
2025-12-30T16:07:15.895449+00:00,HIGHDAL-01JAN26-T46,13,15,14,893,635
2025-12-30T16:07:15.895449+00:00,HIGHDEN-02JAN26-T26,56,60,59,2168,918
2025-12-30T16:07:15.895449+00:00,HIGHDEN-04JAN26-T20,80,84,81,1995,601
2025-12-30T17:07:15.895449+00:00,HIGHNY-31DEC25-T37,20,24,22,2833,1221
2025-12-30T17:07:15.895449+00:00,HIGHNY-01JAN26-T29,66,70,67,1681,195
2025-12-30T17:07:15.895449+00:00,HIGHCHI-31DEC25-T18,80,82,81,155,1022
2025-12-30T17:07:15.895449+00:00,HIGHCHI-03JAN26-T20,89,92,90,1072,1246
2025-12-30T17:07:15.895449+00:00,HIGHLA-31DEC25-T58,69,74,71,2393,1383
2025-12-30T17:07:15.895449+00:00,HIGHLA-01JAN26-T58,71,74,73,2258,242
2025-12-30T17:07:15.895449+00:00,HIGHLA-02JAN26-T48,18,23,20,1596,724
2025-12-30T17:07:15.895449+00:00,HIGHDAL-01JAN26-T56,15,18,17,2294,1388
2025-12-30T17:07:15.895449+00:00,HIGHDAL-02JAN26-T56,45,47,46,2983,1392
2025-12-30T17:07:15.895449+00:00,HIGHDAL-04JAN26-T36,90,94,91,2674,962
2025-12-30T18:07:15.895449+00:00,HIGHNY-01JAN26-T24,54,57,56,1665,1058
2025-12-30T18:07:15.895449+00:00,HIGHNY-04JAN26-T29,72,77,75,2358,833
2025-12-30T18:07:15.895449+00:00,HIGHLA-31DEC25-T68,36,41,38,1071,680
2025-12-30T18:07:15.895449+00:00,HIGHLA-01JAN26-T64,66,68,67,2692,546
2025-12-30T18:07:15.895449+00:00,HIGHLA-01JAN26-T68,23,26,24,2054,1477
2025-12-30T18:07:15.895449+00:00,HIGHLA-02JAN26-T68,10,14,13,338,188
2025-12-30T18:07:15.895449+00:00,HIGHMIA-31DEC25-T76,16,21,18,150,338
2025-12-30T18:07:15.895449+00:00,HIGHMIA-31DEC25-T81,31,35,34,2111,320
2025-12-30T18:07:15.895449+00:00,HIGHDAL-01JAN26-T51,69,75,72,2626,726
2025-12-30T18:07:15.895449+00:00,HIGHDAL-02JAN26-T46,22,25,23,327,1447
2025-12-30T18:07:15.895449+00:00,HIGHDEN-03JAN26-T36,43,49,46,2785,25
2025-12-30T19:07:15.895449+00:00,HIGHNY-03JAN26-T44,1,3,1,1401,723
2025-12-30T19:07:15.895449+00:00,HIGHDAL-31DEC25-T37,72,76,74,1401,1119
2025-12-30T19:07:15.895449+00:00,HIGHDEN-31DEC25-T25,66,71,69,760,503
2025-12-30T19:07:15.895449+00:00,HIGHDEN-01JAN26-T26,93,96,95,1143,631
2025-12-30T19:07:15.895449+00:00,SNOWNY-31DEC25-B0.1,24,28,26,912,424
2025-12-30T19:07:15.895449+00:00,SNOWNY-31DEC25-B1.0,50,54,52,778,490
2025-12-30T19:07:15.895449+00:00,SNOWNY-31DEC25-B2.0,28,32,30,935,251
2025-12-30T19:07:15.895449+00:00,SNOWNY-31DEC25-B4.0,14,18,16,984,119
2025-12-30T19:07:15.895449+00:00,SNOWNY-01JAN26-B0.1,39,43,41,985,275
2025-12-30T19:07:15.895449+00:00,SNOWNY-01JAN26-B1.0,24,28,26,688,28
2025-12-30T19:07:15.895449+00:00,SNOWNY-01JAN26-B2.0,26,30,28,337,261
2025-12-30T19:07:15.895449+00:00,SNOWNY-01JAN26-B4.0,12,16,14,751,5
2025-12-30T19:07:15.895449+00:00,SNOWNY-02JAN26-B1.0,55,59,57,400,180
2025-12-30T19:07:15.895449+00:00,SNOWNY-02JAN26-B2.0,27,31,29,764,136
2025-12-30T19:07:15.895449+00:00,SNOWNY-02JAN26-B4.0,38,42,40,626,117
2025-12-30T19:07:15.895449+00:00,SNOWNY-03JAN26-B0.1,17,21,19,261,199
2025-12-30T19:07:15.895449+00:00,SNOWNY-03JAN26-B4.0,8,12,10,749,264
2025-12-30T19:07:15.895449+00:00,SNOWCHI-31DEC25-B0.1,12,16,14,183,214
2025-12-30T19:07:15.895449+00:00,SNOWCHI-31DEC25-B1.0,24,28,26,189,295
2025-12-30T19:07:15.895449+00:00,SNOWCHI-31DEC25-B2.0,16,20,18,944,416
2025-12-30T19:07:15.895449+00:00,SNOWCHI-31DEC25-B4.0,29,33,31,460,36
2025-12-30T19:07:15.895449+00:00,SNOWCHI-01JAN26-B0.1,23,27,25,466,489
2025-12-30T19:07:15.895449+00:00,SNOWCHI-01JAN26-B1.0,6,10,8,534,292
2025-12-30T19:07:15.895449+00:00,SNOWCHI-01JAN26-B2.0,49,53,51,846,63
2025-12-30T19:07:15.895449+00:00,SNOWCHI-01JAN26-B4.0,24,28,26,865,101
2025-12-30T19:07:15.895449+00:00,SNOWCHI-02JAN26-B0.1,1,3,1,179,106
2025-12-30T19:07:15.895449+00:00,SNOWCHI-02JAN26-B1.0,44,48,46,994,379
2025-12-30T19:07:15.895449+00:00,SNOWCHI-02JAN26-B4.0,22,26,24,911,309
2025-12-30T19:07:15.895449+00:00,SNOWCHI-03JAN26-B4.0,70,74,72,168,430
2025-12-30T19:07:15.895449+00:00,SNOWBOS-31DEC25-B0.1,29,33,31,948,16
2025-12-30T19:07:15.895449+00:00,SNOWBOS-31DEC25-B1.0,40,44,42,366,453
2025-12-30T19:07:15.895449+00:00,SNOWBOS-31DEC25-B2.0,29,33,31,450,482
2025-12-30T19:07:15.895449+00:00,SNOWBOS-31DEC25-B4.0,37,41,39,820,287
2025-12-30T19:07:15.895449+00:00,SNOWBOS-01JAN26-B0.1,40,44,42,753,431
2025-12-30T19:07:15.895449+00:00,SNOWBOS-01JAN26-B1.0,25,29,27,883,299
2025-12-30T19:07:15.895449+00:00,SNOWBOS-01JAN26-B2.0,17,21,19,410,17
2025-12-30T19:07:15.895449+00:00,SNOWBOS-01JAN26-B4.0,1,4,2,727,184
2025-12-30T19:07:15.895449+00:00,SNOWBOS-02JAN26-B0.1,1,3,1,673,66
2025-12-30T19:07:15.895449+00:00,SNOWBOS-02JAN26-B1.0,25,29,27,605,301
2025-12-30T19:07:15.895449+00:00,SNOWBOS-02JAN26-B4.0,1,3,1,913,73
2025-12-30T19:07:15.895449+00:00,SNOWBOS-03JAN26-B0.1,36,40,38,767,236
2025-12-30T19:07:15.895449+00:00,SNOWBOS-03JAN26-B4.0,12,16,14,970,151
2025-12-31T07:07:15.895449+00:00,HIGHNY-02JAN26-T24,86,89,87,1425,1208
2025-12-31T07:07:15.895449+00:00,HIGHCHI-01JAN26-T15,96,99,99,122,703
2025-12-31T07:07:15.895449+00:00,HIGHCHI-01JAN26-T35,48,52,50,1214,1278
2025-12-31T07:07:15.895449+00:00,HIGHCHI-02JAN26-T25,87,90,89,343,841
2025-12-31T07:07:15.895449+00:00,HIGHCHI-03JAN26-T20,69,73,70,1151,293
2025-12-31T07:07:15.895449+00:00,HIGHCHI-05JAN26-T15,83,88,86,1371,299
2025-12-31T07:07:15.895449+00:00,HIGHLA-02JAN26-T68,11,13,12,1229,977
2025-12-31T07:07:15.895449+00:00,HIGHLA-04JAN26-T48,85,89,86,2856,235
2025-12-31T07:07:15.895449+00:00,HIGHLA-04JAN26-T58,53,56,55,1551,1314
2025-12-31T07:07:15.895449+00:00,HIGHLA-04JAN26-T64,16,19,17,1312,633
2025-12-31T07:07:15.895449+00:00,HIGHDAL-01JAN26-T41,22,27,25,581,574
2025-12-31T07:07:15.895449+00:00,HIGHDAL-04JAN26-T46,19,24,21,1611,1215
2025-12-31T07:07:15.895449+00:00,HIGHDEN-03JAN26-T26,86,91,88,77,674
2025-12-31T07:07:15.895449+00:00,HIGHDEN-05JAN26-T26,71,77,74,456,453
2025-12-31T08:07:15.895449+00:00,HIGHNY-04JAN26-T29,60,63,62,2541,947
2025-12-31T08:07:15.895449+00:00,HIGHCHI-01JAN26-T20,71,76,74,675,785
2025-12-31T08:07:15.895449+00:00,HIGHCHI-02JAN26-T15,95,99,96,2984,312
2025-12-31T08:07:15.895449+00:00,HIGHLA-01JAN26-T68,50,54,52,619,536
2025-12-31T08:07:15.895449+00:00,HIGHLA-02JAN26-T48,50,52,51,1140,161
2025-12-31T08:07:15.895449+00:00,HIGHLA-03JAN26-T54,78,84,81,1827,1075
2025-12-31T08:07:15.895449+00:00,HIGHMIA-01JAN26-T80,6,11,8,1393,566
2025-12-31T08:07:15.895449+00:00,HIGHMIA-04JAN26-T70,29,33,31,2301,1386
2025-12-31T08:07:15.895449+00:00,HIGHMIA-04JAN26-T74,26,32,29,1488,945
2025-12-31T08:07:15.895449+00:00,HIGHDAL-01JAN26-T46,30,32,31,1977,618
2025-12-31T08:07:15.895449+00:00,HIGHDAL-02JAN26-T51,10,16,13,278,1365
2025-12-31T08:07:15.895449+00:00,HIGHDAL-04JAN26-T41,30,34,31,962,618
2025-12-31T09:07:15.895449+00:00,HIGHNY-01JAN26-T39,31,36,34,1307,1288
2025-12-31T09:07:15.895449+00:00,HIGHNY-03JAN26-T29,90,94,92,2820,226
2025-12-31T09:07:15.895449+00:00,HIGHCHI-04JAN26-T15,76,79,78,2313,666
2025-12-31T09:07:15.895449+00:00,HIGHLA-01JAN26-T58,53,58,56,1427,1161
2025-12-31T09:07:15.895449+00:00,HIGHLA-03JAN26-T58,66,70,68,1980,1009
2025-12-31T09:07:15.895449+00:00,HIGHLA-04JAN26-T68,8,12,11,1395,431
2025-12-31T09:07:15.895449+00:00,HIGHMIA-01JAN26-T64,98,99,99,2836,905
2025-12-31T09:07:15.895449+00:00,HIGHMIA-03JAN26-T60,91,96,93,860,804
2025-12-31T09:07:15.895449+00:00,HIGHMIA-05JAN26-T64,96,99,98,713,765
2025-12-31T09:07:15.895449+00:00,HIGHDAL-03JAN26-T46,92,96,93,707,827
2025-12-31T09:07:15.895449+00:00,HIGHDEN-02JAN26-T40,1,2,1,2914,487
2025-12-31T10:07:15.895449+00:00,HIGHCHI-02JAN26-T20,26,32,29,1816,654
2025-12-31T10:07:15.895449+00:00,HIGHCHI-03JAN26-T30,10,14,11,811,548
2025-12-31T10:07:15.895449+00:00,HIGHMIA-03JAN26-T74,1,4,1,881,1133
2025-12-31T10:07:15.895449+00:00,HIGHDAL-01JAN26-T51,39,44,42,1732,543
2025-12-31T10:07:15.895449+00:00,HIGHDEN-01JAN26-T20,91,97,94,363,1013
2025-12-31T10:07:15.895449+00:00,HIGHDEN-03JAN26-T40,33,36,34,1656,1160
2025-12-31T10:07:15.895449+00:00,HIGHDEN-04JAN26-T40,28,33,31,2647,768
2025-12-31T11:07:15.895449+00:00,HIGHNY-05JAN26-T29,64,67,65,2001,398
2025-12-31T11:07:15.895449+00:00,HIGHCHI-01JAN26-T30,77,81,78,1071,532
2025-12-31T11:07:15.895449+00:00,HIGHCHI-03JAN26-T15,88,91,89,2030,703
2025-12-31T11:07:15.895449+00:00,HIGHCHI-05JAN26-T20,33,38,35,1988,1058
2025-12-31T11:07:15.895449+00:00,HIGHLA-01JAN26-T64,89,93,91,929,534
2025-12-31T11:07:15.895449+00:00,HIGHLA-02JAN26-T54,20,23,22,524,486
2025-12-31T11:07:15.895449+00:00,HIGHLA-02JAN26-T58,9,11,10,2748,883
2025-12-31T11:07:15.895449+00:00,HIGHMIA-02JAN26-T70,36,39,37,1809,370
2025-12-31T11:07:15.895449+00:00,HIGHMIA-03JAN26-T80,1,6,4,721,1286
2025-12-31T11:07:15.895449+00:00,HIGHDAL-03JAN26-T41,70,74,72,43,564
2025-12-31T11:07:15.895449+00:00,HIGHDEN-03JAN26-T20,96,99,99,2153,666
2025-12-31T12:07:15.895449+00:00,HIGHNY-01JAN26-T34,98,99,99,1578,483
2025-12-31T12:07:15.895449+00:00,HIGHNY-02JAN26-T34,98,99,99,2780,1488
2025-12-31T12:07:15.895449+00:00,HIGHCHI-03JAN26-T35,20,23,21,2746,998
2025-12-31T13:07:15.895449+00:00,HIGHNY-03JAN26-T34,73,77,75,635,1411
2025-12-31T13:07:15.895449+00:00,HIGHLA-01JAN26-T48,45,49,46,575,551
2025-12-31T13:07:15.895449+00:00,HIGHLA-02JAN26-T64,14,20,17,2172,873
2025-12-31T13:07:15.895449+00:00,HIGHMIA-01JAN26-T74,9,11,10,1231,446
2025-12-31T13:07:15.895449+00:00,HIGHDAL-02JAN26-T36,54,57,55,1453,410
2025-12-31T13:07:15.895449+00:00,HIGHDAL-02JAN26-T41,98,99,99,1216,41
2025-12-31T13:07:15.895449+00:00,HIGHDAL-04JAN26-T36,61,64,63,1890,176
2025-12-31T13:07:15.895449+00:00,HIGHDEN-01JAN26-T40,15,20,18,2022,902
2025-12-31T13:07:15.895449+00:00,HIGHDEN-02JAN26-T26,79,84,81,2389,1089
2025-12-31T14:07:15.895449+00:00,HIGHNY-03JAN26-T24,85,88,87,542,1111
2025-12-31T14:07:15.895449+00:00,HIGHCHI-03JAN26-T25,42,46,45,2989,157
2025-12-31T14:07:15.895449+00:00,HIGHDEN-01JAN26-T26,66,71,69,812,5
2025-12-31T15:07:15.895449+00:00,HIGHNY-02JAN26-T29,98,99,99,1453,453
2025-12-31T15:07:15.895449+00:00,HIGHNY-02JAN26-T44,31,34,33,2724,439
2025-12-31T15:07:15.895449+00:00,HIGHCHI-01JAN26-T25,57,61,59,742,913
2025-12-31T15:07:15.895449+00:00,HIGHLA-04JAN26-T54,75,77,76,1344,39
2025-12-31T15:07:15.895449+00:00,HIGHMIA-02JAN26-T64,4,7,5,371,271
2025-12-31T15:07:15.895449+00:00,HIGHMIA-02JAN26-T80,43,46,44,2781,563
2025-12-31T15:07:15.895449+00:00,HIGHMIA-03JAN26-T70,1,3,1,1762,1184
2025-12-31T15:07:15.895449+00:00,HIGHDAL-02JAN26-T56,20,23,21,326,432
2025-12-31T15:07:15.895449+00:00,HIGHDEN-03JAN26-T30,97,99,99,980,74
2025-12-31T16:07:15.895449+00:00,HIGHNY-01JAN26-T29,80,84,81,640,1025
2025-12-31T16:07:15.895449+00:00,HIGHLA-03JAN26-T64,89,91,90,1628,386
2025-12-31T16:07:15.895449+00:00,HIGHMIA-01JAN26-T60,91,94,92,1089,1218
2025-12-31T16:07:15.895449+00:00,HIGHMIA-01JAN26-T70,83,87,84,1899,126
2025-12-31T16:07:15.895449+00:00,HIGHMIA-02JAN26-T60,98,99,99,2040,1116
2025-12-31T16:07:15.895449+00:00,HIGHMIA-02JAN26-T74,40,42,41,2125,1249
2025-12-31T16:07:15.895449+00:00,HIGHDAL-01JAN26-T56,42,47,45,661,1090
2025-12-31T16:07:15.895449+00:00,HIGHDEN-01JAN26-T30,95,97,96,1558,1137
2025-12-31T16:07:15.895449+00:00,HIGHDEN-02JAN26-T36,38,41,40,2192,143
2025-12-31T17:07:15.895449+00:00,HIGHNY-01JAN26-T44,22,27,25,2548,1404
2025-12-31T17:07:15.895449+00:00,HIGHNY-04JAN26-T39,30,35,32,240,725
2025-12-31T17:07:15.895449+00:00,HIGHCHI-02JAN26-T30,76,78,77,552,1059
2025-12-31T18:07:15.895449+00:00,HIGHNY-02JAN26-T39,12,16,15,1601,934
2025-12-31T18:07:15.895449+00:00,HIGHNY-04JAN26-T24,82,87,85,196,456
2025-12-31T18:07:15.895449+00:00,HIGHCHI-02JAN26-T35,22,26,24,1684,1296
2025-12-31T18:07:15.895449+00:00,HIGHMIA-04JAN26-T64,35,38,36,2990,1186
2025-12-31T18:07:15.895449+00:00,HIGHDEN-02JAN26-T30,50,54,53,1553,1062
2025-12-31T18:07:15.895449+00:00,HIGHDEN-03JAN26-T36,62,66,65,644,81
2025-12-31T18:07:15.895449+00:00,HIGHDEN-05JAN26-T40,66,69,67,391,77
2025-12-31T19:07:15.895449+00:00,HIGHNY-01JAN26-T24,53,57,54,1491,1280
2025-12-31T19:07:15.895449+00:00,HIGHNY-03JAN26-T44,37,39,38,2603,67
2025-12-31T19:07:15.895449+00:00,HIGHLA-01JAN26-T54,65,68,67,147,1092
2025-12-31T19:07:15.895449+00:00,HIGHDAL-01JAN26-T36,88,93,91,1092,1112
2025-12-31T19:07:15.895449+00:00,HIGHDAL-02JAN26-T46,41,45,42,292,280
2025-12-31T19:07:15.895449+00:00,HIGHDAL-04JAN26-T56,41,46,43,2009,390
2025-12-31T19:07:15.895449+00:00,HIGHDAL-05JAN26-T41,95,99,98,2585,1021
2025-12-31T19:07:15.895449+00:00,HIGHDEN-01JAN26-T36,97,99,99,83,1039
2025-12-31T19:07:15.895449+00:00,HIGHDEN-02JAN26-T20,96,99,99,2782,882
2025-12-31T19:07:15.895449+00:00,HIGHDEN-04JAN26-T20,83,89,86,473,135
2025-12-31T19:07:15.895449+00:00,HIGHDEN-04JAN26-T26,75,79,77,223,1151
2025-12-31T19:07:15.895449+00:00,SNOWNY-01JAN26-B0.1,47,51,49,335,39
2025-12-31T19:07:15.895449+00:00,SNOWNY-01JAN26-B1.0,13,17,15,929,113
2025-12-31T19:07:15.895449+00:00,SNOWNY-01JAN26-B2.0,1,3,1,336,134
2025-12-31T19:07:15.895449+00:00,SNOWNY-01JAN26-B4.0,29,33,31,836,453
2025-12-31T19:07:15.895449+00:00,SNOWNY-02JAN26-B0.1,97,99,99,831,324
2025-12-31T19:07:15.895449+00:00,SNOWNY-02JAN26-B1.0,76,80,78,432,335
2025-12-31T19:07:15.895449+00:00,SNOWNY-02JAN26-B2.0,14,18,16,553,454
2025-12-31T19:07:15.895449+00:00,SNOWNY-02JAN26-B4.0,28,32,30,105,190
2025-12-31T19:07:15.895449+00:00,SNOWNY-03JAN26-B0.1,29,33,31,282,345
2025-12-31T19:07:15.895449+00:00,SNOWNY-03JAN26-B2.0,30,34,32,28,52
2025-12-31T19:07:15.895449+00:00,SNOWNY-03JAN26-B4.0,28,32,30,300,58
2025-12-31T19:07:15.895449+00:00,SNOWNY-04JAN26-B0.1,97,99,99,611,186
2025-12-31T19:07:15.895449+00:00,SNOWCHI-01JAN26-B0.1,7,11,9,54,419
2025-12-31T19:07:15.895449+00:00,SNOWCHI-01JAN26-B1.0,22,26,24,828,461
2025-12-31T19:07:15.895449+00:00,SNOWCHI-01JAN26-B2.0,43,47,45,512,231
2025-12-31T19:07:15.895449+00:00,SNOWCHI-01JAN26-B4.0,40,44,42,342,65
2025-12-31T19:07:15.895449+00:00,SNOWCHI-02JAN26-B0.1,5,9,7,803,232
2025-12-31T19:07:15.895449+00:00,SNOWCHI-02JAN26-B1.0,36,40,38,36,7
2025-12-31T19:07:15.895449+00:00,SNOWCHI-02JAN26-B2.0,80,84,82,937,165
2025-12-31T19:07:15.895449+00:00,SNOWCHI-02JAN26-B4.0,43,47,45,464,74
2025-12-31T19:07:15.895449+00:00,SNOWCHI-03JAN26-B1.0,73,77,75,638,32
2025-12-31T19:07:15.895449+00:00,SNOWCHI-03JAN26-B4.0,48,52,50,434,138
2025-12-31T19:07:15.895449+00:00,SNOWCHI-04JAN26-B2.0,54,58,56,422,48
2025-12-31T19:07:15.895449+00:00,SNOWBOS-01JAN26-B0.1,50,54,52,861,136
2025-12-31T19:07:15.895449+00:00,SNOWBOS-01JAN26-B1.0,48,52,50,634,457
2025-12-31T19:07:15.895449+00:00,SNOWBOS-01JAN26-B2.0,60,64,62,194,331
2025-12-31T19:07:15.895449+00:00,SNOWBOS-01JAN26-B4.0,2,6,4,569,72
2025-12-31T19:07:15.895449+00:00,SNOWBOS-02JAN26-B0.1,23,27,25,593,388
2025-12-31T19:07:15.895449+00:00,SNOWBOS-02JAN26-B1.0,40,44,42,907,340
2025-12-31T19:07:15.895449+00:00,SNOWBOS-02JAN26-B2.0,11,15,13,846,275
2025-12-31T19:07:15.895449+00:00,SNOWBOS-02JAN26-B4.0,39,43,41,238,473
2025-12-31T19:07:15.895449+00:00,SNOWBOS-03JAN26-B0.1,41,45,43,456,401
2025-12-31T19:07:15.895449+00:00,SNOWBOS-03JAN26-B4.0,38,42,40,912,473
2025-12-31T19:07:15.895449+00:00,SNOWBOS-04JAN26-B0.1,1,3,1,168,459
2026-01-01T07:07:15.895449+00:00,HIGHCHI-05JAN26-T15,91,93,92,2307,351
2026-01-01T07:07:15.895449+00:00,HIGHLA-03JAN26-T58,63,66,64,1397,469
2026-01-01T07:07:15.895449+00:00,HIGHLA-05JAN26-T48,1,4,1,2159,1241
2026-01-01T07:07:15.895449+00:00,HIGHMIA-03JAN26-T60,74,78,75,1340,1395
2026-01-01T07:07:15.895449+00:00,HIGHDAL-05JAN26-T51,36,38,37,1527,1425
2026-01-01T07:07:15.895449+00:00,HIGHDEN-05JAN26-T26,65,71,68,1006,205
2026-01-01T08:07:15.895449+00:00,HIGHNY-04JAN26-T29,82,85,83,443,503
2026-01-01T08:07:15.895449+00:00,HIGHLA-03JAN26-T48,75,79,76,2664,588
2026-01-01T08:07:15.895449+00:00,HIGHLA-03JAN26-T54,65,68,66,2462,120
2026-01-01T08:07:15.895449+00:00,HIGHLA-04JAN26-T68,32,36,34,1720,1421
2026-01-01T08:07:15.895449+00:00,HIGHMIA-03JAN26-T80,30,35,32,1446,311
2026-01-01T08:07:15.895449+00:00,HIGHMIA-04JAN26-T70,19,21,20,1930,1152
2026-01-01T08:07:15.895449+00:00,HIGHDAL-02JAN26-T51,3,7,5,1709,61
2026-01-01T08:07:15.895449+00:00,HIGHDAL-04JAN26-T46,44,46,45,2759,343
2026-01-01T08:07:15.895449+00:00,HIGHDEN-04JAN26-T40,40,44,43,1960,1178
2026-01-01T09:07:15.895449+00:00,HIGHNY-02JAN26-T29,92,98,95,570,1291
2026-01-01T09:07:15.895449+00:00,HIGHNY-02JAN26-T34,97,99,99,1626,33
2026-01-01T09:07:15.895449+00:00,HIGHNY-02JAN26-T44,25,27,26,1376,503
2026-01-01T09:07:15.895449+00:00,HIGHMIA-02JAN26-T80,21,26,24,2773,845
2026-01-01T09:07:15.895449+00:00,HIGHDAL-06JAN26-T56,22,26,24,2083,1246
2026-01-01T10:07:15.895449+00:00,HIGHNY-06JAN26-T44,38,40,39,1353,1358
2026-01-01T10:07:15.895449+00:00,HIGHCHI-05JAN26-T25,20,25,22,2815,423
2026-01-01T10:07:15.895449+00:00,HIGHLA-02JAN26-T48,32,37,35,2101,557
2026-01-01T10:07:15.895449+00:00,HIGHLA-04JAN26-T48,77,82,80,2071,140
2026-01-01T10:07:15.895449+00:00,HIGHMIA-06JAN26-T64,94,99,96,2763,1065
2026-01-01T10:07:15.895449+00:00,HIGHDAL-02JAN26-T46,56,59,57,240,373
2026-01-01T10:07:15.895449+00:00,HIGHDAL-04JAN26-T41,29,32,31,53,1305
2026-01-01T10:07:15.895449+00:00,HIGHDEN-02JAN26-T36,36,41,38,2361,1169
2026-01-01T10:07:15.895449+00:00,HIGHDEN-03JAN26-T40,34,37,35,1787,1200
2026-01-01T11:07:15.895449+00:00,HIGHNY-04JAN26-T39,25,29,27,164,121
2026-01-01T11:07:15.895449+00:00,HIGHCHI-02JAN26-T30,85,89,87,532,828
2026-01-01T11:07:15.895449+00:00,HIGHCHI-05JAN26-T20,95,99,98,440,876
2026-01-01T11:07:15.895449+00:00,HIGHMIA-02JAN26-T60,96,99,99,2013,405
2026-01-01T11:07:15.895449+00:00,HIGHMIA-02JAN26-T70,14,19,16,887,1444
2026-01-01T11:07:15.895449+00:00,HIGHDAL-02JAN26-T56,39,43,41,227,355
2026-01-01T11:07:15.895449+00:00,HIGHDAL-03JAN26-T51,21,24,22,517,470
2026-01-01T12:07:15.895449+00:00,HIGHNY-03JAN26-T29,97,99,99,340,664
2026-01-01T12:07:15.895449+00:00,HIGHNY-03JAN26-T34,61,63,62,1778,202
2026-01-01T12:07:15.895449+00:00,HIGHCHI-02JAN26-T35,32,36,35,761,1487
2026-01-01T12:07:15.895449+00:00,HIGHCHI-03JAN26-T30,42,45,44,823,1305
2026-01-01T12:07:15.895449+00:00,HIGHCHI-03JAN26-T35,26,31,28,1472,1117
2026-01-01T12:07:15.895449+00:00,HIGHMIA-05JAN26-T60,73,76,75,2459,1049
2026-01-01T12:07:15.895449+00:00,HIGHMIA-05JAN26-T64,97,99,98,1066,85
2026-01-01T12:07:15.895449+00:00,HIGHDAL-02JAN26-T41,90,95,93,2551,785
2026-01-01T12:07:15.895449+00:00,HIGHDAL-03JAN26-T46,79,83,81,201,542
2026-01-01T12:07:15.895449+00:00,HIGHDEN-03JAN26-T36,21,27,24,2811,170
2026-01-01T12:07:15.895449+00:00,HIGHDEN-04JAN26-T20,87,93,90,948,1091
2026-01-01T13:07:15.895449+00:00,HIGHNY-04JAN26-T24,98,99,99,847,622
2026-01-01T13:07:15.895449+00:00,HIGHCHI-02JAN26-T15,95,99,98,326,464
2026-01-01T13:07:15.895449+00:00,HIGHCHI-02JAN26-T25,83,85,84,1869,36
2026-01-01T13:07:15.895449+00:00,HIGHDAL-03JAN26-T56,22,28,25,486,608
2026-01-01T14:07:15.895449+00:00,HIGHNY-02JAN26-T39,39,44,41,2986,321
2026-01-01T14:07:15.895449+00:00,HIGHCHI-03JAN26-T25,30,36,33,2762,156
2026-01-01T14:07:15.895449+00:00,HIGHCHI-04JAN26-T25,70,72,71,92,1083
2026-01-01T14:07:15.895449+00:00,HIGHCHI-05JAN26-T35,10,16,13,2710,419
2026-01-01T14:07:15.895449+00:00,HIGHLA-02JAN26-T54,15,20,17,1727,779
2026-01-01T14:07:15.895449+00:00,HIGHMIA-03JAN26-T70,27,32,30,2858,1434
2026-01-01T14:07:15.895449+00:00,HIGHDAL-04JAN26-T36,64,68,66,66,169
2026-01-01T14:07:15.895449+00:00,HIGHDAL-06JAN26-T46,25,30,28,2848,1225
2026-01-01T15:07:15.895449+00:00,HIGHNY-02JAN26-T24,97,99,99,1034,940
2026-01-01T15:07:15.895449+00:00,HIGHNY-03JAN26-T24,81,85,82,115,274
2026-01-01T15:07:15.895449+00:00,HIGHNY-03JAN26-T39,56,58,57,2699,992
2026-01-01T15:07:15.895449+00:00,HIGHCHI-02JAN26-T20,68,71,70,1492,477
2026-01-01T15:07:15.895449+00:00,HIGHCHI-04JAN26-T15,86,90,88,1820,875
2026-01-01T15:07:15.895449+00:00,HIGHMIA-06JAN26-T60,46,51,49,1268,624
2026-01-01T15:07:15.895449+00:00,HIGHDAL-03JAN26-T36,96,98,97,2291,1461
2026-01-01T15:07:15.895449+00:00,HIGHDEN-02JAN26-T20,74,79,76,2416,495
2026-01-01T15:07:15.895449+00:00,HIGHDEN-02JAN26-T30,30,32,31,1195,366
2026-01-01T16:07:15.895449+00:00,HIGHNY-05JAN26-T29,98,99,99,1221,212
2026-01-01T16:07:15.895449+00:00,HIGHLA-02JAN26-T58,19,24,21,2069,371
2026-01-01T16:07:15.895449+00:00,HIGHLA-03JAN26-T68,26,31,28,591,188
2026-01-01T16:07:15.895449+00:00,HIGHLA-04JAN26-T64,41,44,42,1224,154
2026-01-01T16:07:15.895449+00:00,HIGHMIA-03JAN26-T64,50,55,53,88,497
2026-01-01T16:07:15.895449+00:00,HIGHMIA-03JAN26-T74,18,22,20,2116,1246
2026-01-01T16:07:15.895449+00:00,HIGHMIA-06JAN26-T80,1,2,1,1177,1039
2026-01-01T16:07:15.895449+00:00,HIGHDEN-02JAN26-T40,31,37,34,1944,1025
2026-01-01T16:07:15.895449+00:00,HIGHDEN-04JAN26-T26,95,99,98,623,1341
2026-01-01T17:07:15.895449+00:00,HIGHLA-03JAN26-T64,87,92,89,2749,788
2026-01-01T17:07:15.895449+00:00,HIGHLA-05JAN26-T64,69,71,70,2404,371
2026-01-01T17:07:15.895449+00:00,HIGHMIA-02JAN26-T74,24,28,26,2915,1296
2026-01-01T17:07:15.895449+00:00,HIGHMIA-04JAN26-T80,1,2,1,2347,1059
2026-01-01T17:07:15.895449+00:00,HIGHDAL-02JAN26-T36,53,59,56,1260,1388
2026-01-01T17:07:15.895449+00:00,HIGHDAL-03JAN26-T41,65,69,67,243,797
2026-01-01T17:07:15.895449+00:00,HIGHDAL-04JAN26-T56,34,38,37,738,673
2026-01-01T17:07:15.895449+00:00,HIGHDEN-02JAN26-T26,67,70,68,871,1146
2026-01-01T17:07:15.895449+00:00,HIGHDEN-06JAN26-T20,86,90,88,2100,639
2026-01-01T18:07:15.895449+00:00,HIGHNY-03JAN26-T44,42,45,43,1729,934
2026-01-01T18:07:15.895449+00:00,HIGHNY-05JAN26-T24,87,93,90,1593,586
2026-01-01T18:07:15.895449+00:00,HIGHCHI-03JAN26-T20,95,99,96,172,1110
2026-01-01T18:07:15.895449+00:00,HIGHCHI-04JAN26-T35,3,9,6,1940,776
2026-01-01T18:07:15.895449+00:00,HIGHLA-02JAN26-T68,24,28,25,1921,1340
2026-01-01T18:07:15.895449+00:00,HIGHLA-04JAN26-T54,67,70,69,2019,1040
2026-01-01T18:07:15.895449+00:00,HIGHMIA-04JAN26-T64,5,9,7,1052,786
2026-01-01T18:07:15.895449+00:00,HIGHMIA-04JAN26-T74,26,31,28,2179,278
2026-01-01T18:07:15.895449+00:00,HIGHMIA-06JAN26-T70,57,63,60,2789,1094
2026-01-01T18:07:15.895449+00:00,HIGHDEN-03JAN26-T26,88,92,91,1281,1035
2026-01-01T19:07:15.895449+00:00,HIGHCHI-03JAN26-T15,74,80,77,2091,878
2026-01-01T19:07:15.895449+00:00,HIGHLA-02JAN26-T64,21,27,24,2639,1039
2026-01-01T19:07:15.895449+00:00,HIGHLA-04JAN26-T58,83,88,86,668,470
2026-01-01T19:07:15.895449+00:00,HIGHMIA-02JAN26-T64,6,10,7,1821,989
2026-01-01T19:07:15.895449+00:00,HIGHDAL-05JAN26-T41,98,99,99,1537,1282
2026-01-01T19:07:15.895449+00:00,HIGHDEN-03JAN26-T20,81,85,82,2782,1452
2026-01-01T19:07:15.895449+00:00,HIGHDEN-03JAN26-T30,71,73,72,1895,749
2026-01-01T19:07:15.895449+00:00,HIGHDEN-05JAN26-T40,64,68,66,1709,294
2026-01-01T19:07:15.895449+00:00,SNOWNY-02JAN26-B0.1,93,97,95,612,149
2026-01-01T19:07:15.895449+00:00,SNOWNY-02JAN26-B1.0,60,64,62,271,394
2026-01-01T19:07:15.895449+00:00,SNOWNY-02JAN26-B2.0,41,45,43,474,392
2026-01-01T19:07:15.895449+00:00,SNOWNY-02JAN26-B4.0,50,54,52,384,320
2026-01-01T19:07:15.895449+00:00,SNOWNY-03JAN26-B0.1,46,50,48,767,360
2026-01-01T19:07:15.895449+00:00,SNOWNY-03JAN26-B1.0,14,18,16,88,388
2026-01-01T19:07:15.895449+00:00,SNOWNY-03JAN26-B2.0,16,20,18,116,237
2026-01-01T19:07:15.895449+00:00,SNOWNY-03JAN26-B4.0,29,33,31,217,22
2026-01-01T19:07:15.895449+00:00,SNOWNY-04JAN26-B0.1,92,96,94,934,478
2026-01-01T19:07:15.895449+00:00,SNOWNY-04JAN26-B1.0,7,11,9,565,254
2026-01-01T19:07:15.895449+00:00,SNOWNY-04JAN26-B2.0,34,38,36,911,355
2026-01-01T19:07:15.895449+00:00,SNOWCHI-02JAN26-B0.1,40,44,42,731,140
2026-01-01T19:07:15.895449+00:00,SNOWCHI-02JAN26-B1.0,7,11,9,527,78
2026-01-01T19:07:15.895449+00:00,SNOWCHI-02JAN26-B2.0,53,57,55,419,481
2026-01-01T19:07:15.895449+00:00,SNOWCHI-02JAN26-B4.0,21,25,23,614,240
2026-01-01T19:07:15.895449+00:00,SNOWCHI-03JAN26-B0.1,94,98,96,359,57
2026-01-01T19:07:15.895449+00:00,SNOWCHI-03JAN26-B1.0,97,99,99,440,370
2026-01-01T19:07:15.895449+00:00,SNOWCHI-03JAN26-B2.0,12,16,14,670,361
2026-01-01T19:07:15.895449+00:00,SNOWCHI-03JAN26-B4.0,56,60,58,281,478
2026-01-01T19:07:15.895449+00:00,SNOWCHI-04JAN26-B0.1,65,69,67,505,162
2026-01-01T19:07:15.895449+00:00,SNOWCHI-04JAN26-B1.0,81,85,83,213,285
2026-01-01T19:07:15.895449+00:00,SNOWCHI-04JAN26-B2.0,43,47,45,840,275
2026-01-01T19:07:15.895449+00:00,SNOWBOS-02JAN26-B0.1,1,3,1,170,345
2026-01-01T19:07:15.895449+00:00,SNOWBOS-02JAN26-B1.0,1,3,1,450,38
2026-01-01T19:07:15.895449+00:00,SNOWBOS-02JAN26-B2.0,38,42,40,694,369
2026-01-01T19:07:15.895449+00:00,SNOWBOS-02JAN26-B4.0,43,47,45,951,416
2026-01-01T19:07:15.895449+00:00,SNOWBOS-03JAN26-B0.1,1,3,1,635,487
2026-01-01T19:07:15.895449+00:00,SNOWBOS-03JAN26-B1.0,49,53,51,559,453
2026-01-01T19:07:15.895449+00:00,SNOWBOS-03JAN26-B2.0,13,17,15,602,55
2026-01-01T19:07:15.895449+00:00,SNOWBOS-03JAN26-B4.0,23,27,25,904,28
2026-01-01T19:07:15.895449+00:00,SNOWBOS-04JAN26-B0.1,1,5,3,437,483
2026-01-01T19:07:15.895449+00:00,SNOWBOS-04JAN26-B1.0,11,15,13,116,387
2026-01-01T19:07:15.895449+00:00,SNOWBOS-04JAN26-B4.0,1,3,1,37,243
2026-01-01T19:07:15.895449+00:00,SNOWBOS-05JAN26-B1.0,70,74,72,938,257
2026-01-01T19:07:15.895449+00:00,SNOWBOS-05JAN26-B4.0,46,50,48,91,472
2026-01-02T07:07:15.895449+00:00,HIGHCHI-05JAN26-T25,17,22,20,2137,1243
2026-01-02T07:07:15.895449+00:00,HIGHLA-04JAN26-T54,65,68,67,1320,972
2026-01-02T07:07:15.895449+00:00,HIGHLA-05JAN26-T48,15,19,16,1722,176
2026-01-02T07:07:15.895449+00:00,HIGHMIA-03JAN26-T80,23,27,26,2631,441
2026-01-02T07:07:15.895449+00:00,HIGHDAL-05JAN26-T41,79,83,81,2511,109
2026-01-02T07:07:15.895449+00:00,HIGHDAL-06JAN26-T46,12,17,14,490,758
2026-01-02T07:07:15.895449+00:00,HIGHDEN-03JAN26-T26,83,87,85,1129,467
2026-01-02T08:07:15.895449+00:00,HIGHNY-03JAN26-T34,82,88,85,2310,680
2026-01-02T08:07:15.895449+00:00,HIGHCHI-03JAN26-T25,43,46,44,421,1449
2026-01-02T08:07:15.895449+00:00,HIGHCHI-04JAN26-T20,79,82,81,2896,687
2026-01-02T08:07:15.895449+00:00,HIGHCHI-05JAN26-T20,64,70,67,507,345
2026-01-02T08:07:15.895449+00:00,HIGHCHI-06JAN26-T20,79,84,82,2817,251
2026-01-02T08:07:15.895449+00:00,HIGHLA-03JAN26-T54,77,80,79,2273,1418
2026-01-02T08:07:15.895449+00:00,HIGHLA-04JAN26-T58,85,90,87,1524,578
2026-01-02T08:07:15.895449+00:00,HIGHMIA-04JAN26-T64,28,32,29,2077,498
2026-01-02T08:07:15.895449+00:00,HIGHMIA-05JAN26-T64,76,79,78,1782,1059
2026-01-02T08:07:15.895449+00:00,HIGHMIA-06JAN26-T60,63,69,66,2219,460
2026-01-02T08:07:15.895449+00:00,HIGHDAL-04JAN26-T36,95,99,96,2209,17
2026-01-02T08:07:15.895449+00:00,HIGHDAL-04JAN26-T51,19,22,20,1390,1272
2026-01-02T08:07:15.895449+00:00,HIGHDEN-03JAN26-T30,96,99,99,2848,899
2026-01-02T08:07:15.895449+00:00,HIGHDEN-04JAN26-T40,62,66,65,2475,636
2026-01-02T09:07:15.895449+00:00,HIGHLA-03JAN26-T48,85,89,86,503,162
2026-01-02T09:07:15.895449+00:00,HIGHMIA-03JAN26-T60,68,72,71,1069,65
2026-01-02T09:07:15.895449+00:00,HIGHMIA-04JAN26-T60,79,83,81,1131,1310
2026-01-02T10:07:15.895449+00:00,HIGHNY-03JAN26-T29,94,99,97,2926,670
2026-01-02T10:07:15.895449+00:00,HIGHCHI-07JAN26-T35,44,49,46,1645,974
2026-01-02T10:07:15.895449+00:00,HIGHDAL-03JAN26-T41,95,98,97,2995,1012
2026-01-02T10:07:15.895449+00:00,HIGHDAL-04JAN26-T41,1,4,1,1499,1279
2026-01-02T10:07:15.895449+00:00,HIGHDEN-04JAN26-T30,49,54,51,220,1412
2026-01-02T10:07:15.895449+00:00,HIGHDEN-04JAN26-T36,43,46,44,53,204
2026-01-02T10:07:15.895449+00:00,HIGHDEN-06JAN26-T20,81,85,83,666,1128
2026-01-02T11:07:15.895449+00:00,HIGHNY-05JAN26-T29,98,99,99,1389,1270
2026-01-02T11:07:15.895449+00:00,HIGHNY-07JAN26-T29,98,99,99,1179,1426
2026-01-02T11:07:15.895449+00:00,HIGHCHI-03JAN26-T20,98,99,99,115,761
2026-01-02T11:07:15.895449+00:00,HIGHCHI-04JAN26-T30,20,24,21,2228,1243
2026-01-02T11:07:15.895449+00:00,HIGHCHI-06JAN26-T25,38,43,41,147,1330
2026-01-02T11:07:15.895449+00:00,HIGHLA-03JAN26-T64,74,78,76,1641,1369
2026-01-02T11:07:15.895449+00:00,HIGHMIA-04JAN26-T70,13,16,14,398,326
2026-01-02T11:07:15.895449+00:00,HIGHMIA-05JAN26-T80,48,50,49,1484,1327
2026-01-02T12:07:15.895449+00:00,HIGHNY-04JAN26-T44,10,15,12,355,1038
2026-01-02T12:07:15.895449+00:00,HIGHCHI-03JAN26-T35,34,38,36,1841,671
2026-01-02T12:07:15.895449+00:00,HIGHLA-05JAN26-T58,54,59,56,2017,877
2026-01-02T12:07:15.895449+00:00,HIGHLA-05JAN26-T68,48,51,49,2816,27
2026-01-02T12:07:15.895449+00:00,HIGHMIA-03JAN26-T74,8,10,9,380,916
2026-01-02T12:07:15.895449+00:00,HIGHMIA-06JAN26-T80,1,4,1,277,877
2026-01-02T12:07:15.895449+00:00,HIGHDAL-03JAN26-T51,32,37,35,734,846
2026-01-02T13:07:15.895449+00:00,HIGHNY-04JAN26-T29,58,63,60,1400,458
2026-01-02T13:07:15.895449+00:00,HIGHCHI-04JAN26-T15,75,78,76,2616,98
2026-01-02T13:07:15.895449+00:00,HIGHMIA-06JAN26-T70,57,61,60,13,478
2026-01-02T13:07:15.895449+00:00,HIGHDAL-06JAN26-T56,53,56,54,2072,64
2026-01-02T13:07:15.895449+00:00,HIGHDEN-04JAN26-T26,93,99,96,2333,867
2026-01-02T13:07:15.895449+00:00,HIGHDEN-05JAN26-T40,44,49,46,1372,486
2026-01-02T14:07:15.895449+00:00,HIGHNY-03JAN26-T44,23,29,26,357,112
2026-01-02T14:07:15.895449+00:00,HIGHNY-04JAN26-T39,57,61,58,2443,1043
2026-01-02T14:07:15.895449+00:00,HIGHLA-03JAN26-T68,19,22,21,1600,153
2026-01-02T14:07:15.895449+00:00,HIGHMIA-03JAN26-T70,36,39,37,1414,350
2026-01-02T14:07:15.895449+00:00,HIGHMIA-06JAN26-T74,12,16,14,1493,896
2026-01-02T14:07:15.895449+00:00,HIGHDAL-04JAN26-T46,32,34,33,2189,447
2026-01-02T14:07:15.895449+00:00,HIGHDEN-03JAN26-T36,37,42,39,907,1203
2026-01-02T14:07:15.895449+00:00,HIGHDEN-03JAN26-T40,55,58,56,64,720
2026-01-02T15:07:15.895449+00:00,HIGHNY-05JAN26-T24,98,99,99,343,1198
2026-01-02T15:07:15.895449+00:00,HIGHNY-05JAN26-T34,98,99,99,2788,1173
2026-01-02T15:07:15.895449+00:00,HIGHNY-06JAN26-T44,27,33,30,1755,346
2026-01-02T15:07:15.895449+00:00,HIGHCHI-03JAN26-T15,63,65,64,872,886
2026-01-02T15:07:15.895449+00:00,HIGHCHI-04JAN26-T35,27,31,29,1174,1444
2026-01-02T15:07:15.895449+00:00,HIGHLA-04JAN26-T64,26,29,27,214,336
2026-01-02T15:07:15.895449+00:00,HIGHMIA-03JAN26-T64,80,84,81,1950,954
2026-01-02T15:07:15.895449+00:00,HIGHDAL-03JAN26-T46,65,70,67,572,1283
2026-01-02T15:07:15.895449+00:00,HIGHDAL-04JAN26-T56,34,37,35,2526,554
2026-01-02T15:07:15.895449+00:00,HIGHDEN-03JAN26-T20,97,99,99,43,60
2026-01-02T15:07:15.895449+00:00,HIGHDEN-05JAN26-T26,78,80,79,1274,795
2026-01-02T16:07:15.895449+00:00,HIGHNY-03JAN26-T39,75,80,77,1515,240
2026-01-02T16:07:15.895449+00:00,HIGHNY-04JAN26-T24,79,81,80,2047,886
2026-01-02T16:07:15.895449+00:00,HIGHNY-06JAN26-T24,78,80,79,1729,1313
2026-01-02T16:07:15.895449+00:00,HIGHCHI-05JAN26-T15,75,78,76,2535,974
2026-01-02T16:07:15.895449+00:00,HIGHLA-04JAN26-T48,76,79,78,1751,1235
2026-01-02T16:07:15.895449+00:00,HIGHMIA-04JAN26-T80,1,4,1,1792,1012
2026-01-02T16:07:15.895449+00:00,HIGHMIA-05JAN26-T70,1,2,1,899,533
2026-01-02T16:07:15.895449+00:00,HIGHMIA-06JAN26-T64,76,78,77,397,1221
2026-01-02T16:07:15.895449+00:00,HIGHDAL-07JAN26-T36,59,65,62,722,1040
2026-01-02T16:07:15.895449+00:00,HIGHDEN-07JAN26-T30,52,55,53,726,1223
2026-01-02T17:07:15.895449+00:00,HIGHNY-04JAN26-T34,62,66,63,636,1347
2026-01-02T17:07:15.895449+00:00,HIGHLA-04JAN26-T68,38,43,40,2074,978
2026-01-02T17:07:15.895449+00:00,HIGHLA-05JAN26-T64,2,6,3,1702,1169
2026-01-02T17:07:15.895449+00:00,HIGHMIA-05JAN26-T60,71,76,73,1121,1025
2026-01-02T17:07:15.895449+00:00,HIGHDAL-03JAN26-T56,21,26,23,2217,165
2026-01-02T17:07:15.895449+00:00,HIGHDAL-05JAN26-T51,52,55,54,1319,762
2026-01-02T17:07:15.895449+00:00,HIGHDEN-04JAN26-T20,44,47,46,2243,907
2026-01-02T18:07:15.895449+00:00,HIGHCHI-03JAN26-T30,51,57,54,887,11
2026-01-02T18:07:15.895449+00:00,HIGHCHI-04JAN26-T25,68,71,70,652,584
2026-01-02T18:07:15.895449+00:00,HIGHCHI-05JAN26-T35,32,36,33,896,578
2026-01-02T18:07:15.895449+00:00,HIGHLA-07JAN26-T58,98,99,99,1535,480
2026-01-02T18:07:15.895449+00:00,HIGHMIA-04JAN26-T74,15,21,18,1944,24
2026-01-02T19:07:15.895449+00:00,HIGHNY-03JAN26-T24,76,78,77,1096,112
2026-01-02T19:07:15.895449+00:00,HIGHLA-03JAN26-T58,92,94,93,1184,1125
2026-01-02T19:07:15.895449+00:00,HIGHMIA-07JAN26-T80,12,16,14,1073,908
