timestamp,ticker,yes_bid,yes_ask,last_price,volume,open_interest
2025-12-26T12:06:41.825498+00:00,HIGHCHI-27DEC25-T30,81,85,83,280,456
2025-12-26T12:06:41.825498+00:00,HIGHCHI-27DEC25-T35,34,38,36,339,1103
2025-12-26T12:06:41.825498+00:00,HIGHCHI-27DEC25-T40,10,14,12,84,577
2025-12-26T12:06:41.825498+00:00,HIGHCHI-27DEC25-T45,1,4,2,175,1599
2025-12-26T12:06:41.825498+00:00,HIGHCHI-27DEC25-T50,1,4,2,432,776
2025-12-26T12:06:41.825498+00:00,HIGHCHI-28DEC25-T30,45,49,47,326,218
2025-12-26T12:06:41.825498+00:00,HIGHCHI-28DEC25-T35,8,12,10,453,769
2025-12-26T12:06:41.825498+00:00,HIGHCHI-28DEC25-T40,2,6,4,445,1405
2025-12-26T12:06:41.825498+00:00,HIGHCHI-28DEC25-T45,2,6,4,426,1327
2025-12-26T12:06:41.825498+00:00,HIGHDAL-27DEC25-T30,91,95,93,177,1389
2025-12-26T12:06:41.825498+00:00,HIGHDAL-27DEC25-T35,96,99,98,224,297
2025-12-26T12:06:41.825498+00:00,HIGHDAL-27DEC25-T40,76,80,78,134,1729
2025-12-26T12:06:41.825498+00:00,HIGHDAL-27DEC25-T45,49,53,51,15,1292
2025-12-26T12:06:41.825498+00:00,HIGHDAL-27DEC25-T50,4,8,6,403,1697
2025-12-26T12:06:41.825498+00:00,HIGHDAL-27DEC25-T55,1,3,1,57,1447
2025-12-26T12:06:41.825498+00:00,HIGHDAL-27DEC25-T60,8,12,10,336,718
2025-12-26T12:06:41.825498+00:00,HIGHDAL-28DEC25-T40,85,89,87,153,255
2025-12-26T12:06:41.825498+00:00,HIGHDAL-28DEC25-T45,84,88,86,207,1802
2025-12-26T12:06:41.825498+00:00,HIGHDAL-28DEC25-T50,93,97,95,106,375
2025-12-26T12:06:41.825498+00:00,HIGHDAL-28DEC25-T55,49,53,51,170,1789
2025-12-26T12:06:41.825498+00:00,HIGHDAL-28DEC25-T60,27,31,29,151,177
2025-12-26T12:06:41.825498+00:00,HIGHDAL-28DEC25-T65,1,3,1,248,1046
2025-12-26T12:06:41.825498+00:00,HIGHDAL-28DEC25-T70,3,7,5,195,1899
2025-12-26T12:06:41.825498+00:00,HIGHDAL-28DEC25-T75,1,3,1,469,1254
2025-12-26T12:06:41.825498+00:00,HIGHDEN-27DEC25-T30,97,99,99,320,1675
2025-12-26T12:06:41.825498+00:00,HIGHDEN-27DEC25-T35,87,91,89,317,1388
2025-12-26T12:06:41.825498+00:00,HIGHDEN-27DEC25-T40,69,73,71,289,40
2025-12-26T12:06:41.825498+00:00,HIGHDEN-27DEC25-T45,28,32,30,359,518
2025-12-26T12:06:41.825498+00:00,HIGHDEN-27DEC25-T50,1,4,2,133,492
2025-12-26T12:06:41.825498+00:00,HIGHDEN-27DEC25-T55,3,7,5,149,225
2025-12-26T12:06:41.825498+00:00,HIGHDEN-27DEC25-T60,1,4,2,362,1953
2025-12-26T12:06:41.825498+00:00,HIGHDEN-28DEC25-T30,64,68,66,334,1641
2025-12-26T12:06:41.825498+00:00,HIGHDEN-28DEC25-T35,54,58,56,179,1960
2025-12-26T12:06:41.825498+00:00,HIGHDEN-28DEC25-T40,20,24,22,310,791
2025-12-26T12:06:41.825498+00:00,HIGHDEN-28DEC25-T45,1,3,1,124,1113
2025-12-26T12:06:41.825498+00:00,HIGHDEN-28DEC25-T50,4,8,6,423,428
2025-12-26T12:06:41.825498+00:00,HIGHDEN-28DEC25-T55,1,3,1,468,1071
2025-12-26T12:06:41.825498+00:00,HIGHLA-27DEC25-T45,95,99,97,186,1617
2025-12-26T12:06:41.825498+00:00,HIGHLA-27DEC25-T50,93,97,95,175,1622
2025-12-26T12:06:41.825498+00:00,HIGHLA-27DEC25-T55,86,90,88,118,428
2025-12-26T12:06:41.825498+00:00,HIGHLA-27DEC25-T60,58,62,60,333,1063
2025-12-26T12:06:41.825498+00:00,HIGHLA-27DEC25-T65,23,27,25,310,909
2025-12-26T12:06:41.825498+00:00,HIGHLA-27DEC25-T70,12,16,14,373,1945
2025-12-26T12:06:41.825498+00:00,HIGHLA-27DEC25-T75,1,5,3,264,653
2025-12-26T12:06:41.825498+00:00,HIGHLA-27DEC25-T80,9,13,11,5,642
2025-12-26T12:06:41.825498+00:00,HIGHLA-28DEC25-T50,97,99,99,24,643
2025-12-26T12:06:41.825498+00:00,HIGHLA-28DEC25-T55,89,93,91,431,1022
2025-12-26T12:06:41.825498+00:00,HIGHLA-28DEC25-T60,92,96,94,500,270
2025-12-26T12:06:41.825498+00:00,HIGHLA-28DEC25-T65,61,65,63,288,444
2025-12-26T12:06:41.825498+00:00,HIGHLA-28DEC25-T70,24,28,26,72,50
2025-12-26T12:06:41.825498+00:00,HIGHLA-28DEC25-T75,10,14,12,60,945
2025-12-26T12:06:41.825498+00:00,HIGHLA-28DEC25-T80,1,3,1,369,1883
2025-12-26T12:06:41.825498+00:00,HIGHLA-28DEC25-T85,1,3,1,225,223
2025-12-26T12:06:41.825498+00:00,HIGHMIA-27DEC25-T55,95,99,97,344,1316
2025-12-26T12:06:41.825498+00:00,HIGHMIA-27DEC25-T60,95,99,97,317,1760
2025-12-26T12:06:41.825498+00:00,HIGHMIA-27DEC25-T65,88,92,90,458,238
2025-12-26T12:06:41.825498+00:00,HIGHMIA-27DEC25-T70,56,60,58,415,971
2025-12-26T12:06:41.825498+00:00,HIGHMIA-27DEC25-T75,27,31,29,446,992
2025-12-26T12:06:41.825498+00:00,HIGHMIA-27DEC25-T80,2,6,4,125,576
2025-12-26T12:06:41.825498+00:00,HIGHMIA-27DEC25-T85,1,5,3,110,1725
2025-12-26T12:06:41.825498+00:00,HIGHMIA-27DEC25-T90,1,3,1,157,1563
2025-12-26T12:06:41.825498+00:00,HIGHMIA-28DEC25-T55,89,93,91,165,894
2025-12-26T12:06:41.825498+00:00,HIGHMIA-28DEC25-T60,92,96,94,305,1979
2025-12-26T12:06:41.825498+00:00,HIGHMIA-28DEC25-T65,95,99,97,264,455
2025-12-26T12:06:41.825498+00:00,HIGHMIA-28DEC25-T70,64,68,66,18,1267
2025-12-26T12:06:41.825498+00:00,HIGHMIA-28DEC25-T75,36,40,38,384,1316
2025-12-26T12:06:41.825498+00:00,HIGHMIA-28DEC25-T80,15,19,17,391,1285
2025-12-26T12:06:41.825498+00:00,HIGHMIA-28DEC25-T85,2,6,4,346,651
2025-12-26T12:06:41.825498+00:00,HIGHMIA-28DEC25-T90,1,4,2,199,1110
2025-12-26T12:06:41.825498+00:00,HIGHNY-27DEC25-T30,77,81,79,221,395
2025-12-26T12:06:41.825498+00:00,HIGHNY-27DEC25-T35,64,68,66,52,1917
2025-12-26T12:06:41.825498+00:00,HIGHNY-27DEC25-T40,17,21,19,151,886
2025-12-26T12:06:41.825498+00:00,HIGHNY-27DEC25-T45,8,12,10,36,1551
2025-12-26T12:06:41.825498+00:00,HIGHNY-27DEC25-T50,4,8,6,211,265
2025-12-26T12:06:41.825498+00:00,HIGHNY-27DEC25-T55,1,3,1,109,1391
2025-12-26T12:06:41.825498+00:00,HIGHNY-28DEC25-T30,82,86,84,324,1438
2025-12-26T12:06:41.825498+00:00,HIGHNY-28DEC25-T35,66,70,68,328,1421
2025-12-26T12:06:41.825498+00:00,HIGHNY-28DEC25-T40,33,37,35,155,754
2025-12-26T12:06:41.825498+00:00,HIGHNY-28DEC25-T45,2,6,4,123,964
2025-12-26T12:06:41.825498+00:00,HIGHNY-28DEC25-T50,6,10,8,133,955
2025-12-26T12:06:41.825498+00:00,HIGHNY-28DEC25-T55,1,4,2,356,1613
2025-12-26T12:06:41.825498+00:00,SNOWBOS-27DEC25-B0,1,4,2,105,57
2025-12-26T12:06:41.825498+00:00,SNOWBOS-27DEC25-B1,38,42,40,121,134
2025-12-26T12:06:41.825498+00:00,SNOWBOS-27DEC25-B2,15,19,17,186,162
2025-12-26T12:06:41.825498+00:00,SNOWBOS-27DEC25-B4,2,6,4,83,455
2025-12-26T12:06:41.825498+00:00,SNOWBOS-27DEC25-B6,1,4,2,129,312
2025-12-26T12:06:41.825498+00:00,SNOWBOS-28DEC25-B0,8,12,10,167,152
2025-12-26T12:06:41.825498+00:00,SNOWBOS-28DEC25-B1,12,16,14,52,72
2025-12-26T12:06:41.825498+00:00,SNOWBOS-28DEC25-B2,30,34,32,183,373
2025-12-26T12:06:41.825498+00:00,SNOWBOS-28DEC25-B4,4,8,6,34,323
2025-12-26T12:06:41.825498+00:00,SNOWBOS-28DEC25-B6,1,3,1,200,292
2025-12-26T12:06:41.825498+00:00,SNOWCHI-27DEC25-B0,82,86,84,113,51
2025-12-26T12:06:41.825498+00:00,SNOWCHI-27DEC25-B1,80,84,82,69,305
2025-12-26T12:06:41.825498+00:00,SNOWCHI-27DEC25-B2,71,75,73,121,188
2025-12-26T12:06:41.825498+00:00,SNOWCHI-27DEC25-B4,36,40,38,65,175
2025-12-26T12:06:41.825498+00:00,SNOWCHI-27DEC25-B6,5,9,7,161,236
2025-12-26T12:06:41.825498+00:00,SNOWCHI-28DEC25-B0,7,11,9,52,32
2025-12-26T12:06:41.825498+00:00,SNOWCHI-28DEC25-B1,25,29,27,70,73
2025-12-26T12:06:41.825498+00:00,SNOWCHI-28DEC25-B2,15,19,17,187,227
2025-12-26T12:06:41.825498+00:00,SNOWCHI-28DEC25-B4,2,6,4,11,382
2025-12-26T12:06:41.825498+00:00,SNOWCHI-28DEC25-B6,1,3,1,9,74
2025-12-26T12:06:41.825498+00:00,SNOWNYC-27DEC25-B0,1,4,2,126,47
2025-12-26T12:06:41.825498+00:00,SNOWNYC-27DEC25-B1,36,40,38,159,125
2025-12-26T12:06:41.825498+00:00,SNOWNYC-27DEC25-B2,28,32,30,21,90
2025-12-26T12:06:41.825498+00:00,SNOWNYC-27DEC25-B4,2,6,4,180,450
2025-12-26T12:06:41.825498+00:00,SNOWNYC-27DEC25-B6,3,7,5,19,40
2025-12-26T12:06:41.825498+00:00,SNOWNYC-28DEC25-B0,21,25,23,82,486
2025-12-26T12:06:41.825498+00:00,SNOWNYC-28DEC25-B1,25,29,27,5,141
2025-12-26T12:06:41.825498+00:00,SNOWNYC-28DEC25-B2,10,14,12,128,315
2025-12-26T12:06:41.825498+00:00,SNOWNYC-28DEC25-B4,15,19,17,135,288
2025-12-26T12:06:41.825498+00:00,SNOWNYC-28DEC25-B6,1,5,3,198,307
2025-12-27T00:06:41.825498+00:00,HIGHCHI-27DEC25-T30,80,84,82,183,1824
2025-12-27T00:06:41.825498+00:00,HIGHCHI-27DEC25-T35,37,41,39,9,1387
2025-12-27T00:06:41.825498+00:00,HIGHCHI-27DEC25-T40,10,14,12,180,436
2025-12-27T00:06:41.825498+00:00,HIGHCHI-27DEC25-T45,1,4,2,71,1324
2025-12-27T00:06:41.825498+00:00,HIGHCHI-27DEC25-T50,1,4,2,70,105
2025-12-27T00:06:41.825498+00:00,HIGHDAL-27DEC25-T30,91,95,93,89,1741
2025-12-27T00:06:41.825498+00:00,HIGHDAL-27DEC25-T35,96,99,98,448,965
2025-12-27T00:06:41.825498+00:00,HIGHDAL-27DEC25-T40,72,76,74,281,126
2025-12-27T00:06:41.825498+00:00,HIGHDAL-27DEC25-T45,48,52,50,83,508
2025-12-27T00:06:41.825498+00:00,HIGHDAL-27DEC25-T50,8,12,10,301,72
2025-12-27T00:06:41.825498+00:00,HIGHDAL-27DEC25-T55,1,3,1,400,637
2025-12-27T00:06:41.825498+00:00,HIGHDAL-27DEC25-T60,9,13,11,255,236
2025-12-27T00:06:41.825498+00:00,HIGHDEN-27DEC25-T30,97,99,99,243,912
2025-12-27T00:06:41.825498+00:00,HIGHDEN-27DEC25-T35,88,92,90,199,708
2025-12-27T00:06:41.825498+00:00,HIGHDEN-27DEC25-T40,71,75,73,128,1494
2025-12-27T00:06:41.825498+00:00,HIGHDEN-27DEC25-T45,27,31,29,161,1379
2025-12-27T00:06:41.825498+00:00,HIGHDEN-27DEC25-T50,1,4,2,66,1541
2025-12-27T00:06:41.825498+00:00,HIGHDEN-27DEC25-T55,1,4,2,431,417
2025-12-27T00:06:41.825498+00:00,HIGHDEN-27DEC25-T60,1,5,3,256,230
2025-12-27T00:06:41.825498+00:00,HIGHLA-27DEC25-T45,94,98,96,322,1554
2025-12-27T00:06:41.825498+00:00,HIGHLA-27DEC25-T50,89,93,91,481,863
2025-12-27T00:06:41.825498+00:00,HIGHLA-27DEC25-T55,87,91,89,161,1700
2025-12-27T00:06:41.825498+00:00,HIGHLA-27DEC25-T60,57,61,59,209,1411
2025-12-27T00:06:41.825498+00:00,HIGHLA-27DEC25-T65,22,26,24,228,1261
2025-12-27T00:06:41.825498+00:00,HIGHLA-27DEC25-T70,10,14,12,384,1529
2025-12-27T00:06:41.825498+00:00,HIGHLA-27DEC25-T75,1,4,2,361,625
2025-12-27T00:06:41.825498+00:00,HIGHLA-27DEC25-T80,10,14,12,151,450
2025-12-27T00:06:41.825498+00:00,HIGHMIA-27DEC25-T55,96,99,98,322,706
2025-12-27T00:06:41.825498+00:00,HIGHMIA-27DEC25-T60,96,99,98,458,1309
2025-12-27T00:06:41.825498+00:00,HIGHMIA-27DEC25-T65,84,88,86,403,890
2025-12-27T00:06:41.825498+00:00,HIGHMIA-27DEC25-T70,56,60,58,309,669
2025-12-27T00:06:41.825498+00:00,HIGHMIA-27DEC25-T75,28,32,30,235,550
2025-12-27T00:06:41.825498+00:00,HIGHMIA-27DEC25-T80,1,5,3,46,303
2025-12-27T00:06:41.825498+00:00,HIGHMIA-27DEC25-T85,3,7,5,220,817
2025-12-27T00:06:41.825498+00:00,HIGHMIA-27DEC25-T90,1,3,1,432,878
2025-12-27T00:06:41.825498+00:00,HIGHNY-27DEC25-T30,77,81,79,147,967
2025-12-27T00:06:41.825498+00:00,HIGHNY-27DEC25-T35,64,68,66,213,1014
2025-12-27T00:06:41.825498+00:00,HIGHNY-27DEC25-T40,14,18,16,361,1980
2025-12-27T00:06:41.825498+00:00,HIGHNY-27DEC25-T45,7,11,9,249,1049
2025-12-27T00:06:41.825498+00:00,HIGHNY-27DEC25-T50,1,5,3,487,1843
2025-12-27T00:06:41.825498+00:00,HIGHNY-27DEC25-T55,1,4,2,207,288
2025-12-27T00:06:41.825498+00:00,SNOWBOS-27DEC25-B0,1,4,2,58,440
2025-12-27T00:06:41.825498+00:00,SNOWBOS-27DEC25-B1,38,42,40,49,481
2025-12-27T00:06:41.825498+00:00,SNOWBOS-27DEC25-B2,15,19,17,151,306
2025-12-27T00:06:41.825498+00:00,SNOWBOS-27DEC25-B4,1,4,2,147,206
2025-12-27T00:06:41.825498+00:00,SNOWBOS-27DEC25-B6,1,4,2,85,455
2025-12-27T00:06:41.825498+00:00,SNOWCHI-27DEC25-B0,85,89,87,189,175
2025-12-27T00:06:41.825498+00:00,SNOWCHI-27DEC25-B1,77,81,79,11,400
2025-12-27T00:06:41.825498+00:00,SNOWCHI-27DEC25-B2,71,75,73,27,449
2025-12-27T00:06:41.825498+00:00,SNOWCHI-27DEC25-B4,35,39,37,30,405
2025-12-27T00:06:41.825498+00:00,SNOWCHI-27DEC25-B6,5,9,7,141,77
2025-12-27T00:06:41.825498+00:00,SNOWNYC-27DEC25-B0,1,4,2,148,332
2025-12-27T00:06:41.825498+00:00,SNOWNYC-27DEC25-B1,36,40,38,114,162
2025-12-27T00:06:41.825498+00:00,SNOWNYC-27DEC25-B2,29,33,31,62,98
2025-12-27T00:06:41.825498+00:00,SNOWNYC-27DEC25-B4,1,5,3,68,413
2025-12-27T00:06:41.825498+00:00,SNOWNYC-27DEC25-B6,1,3,1,43,415
2025-12-27T06:06:41.825498+00:00,HIGHCHI-27DEC25-T30,80,84,82,40,1820
2025-12-27T06:06:41.825498+00:00,HIGHCHI-27DEC25-T35,39,43,41,344,232
2025-12-27T06:06:41.825498+00:00,HIGHCHI-27DEC25-T40,10,14,12,356,1318
2025-12-27T06:06:41.825498+00:00,HIGHCHI-27DEC25-T45,1,4,2,231,1149
2025-12-27T06:06:41.825498+00:00,HIGHCHI-27DEC25-T50,1,4,2,162,766
2025-12-27T06:06:41.825498+00:00,HIGHDAL-27DEC25-T30,91,95,93,244,1903
2025-12-27T06:06:41.825498+00:00,HIGHDAL-27DEC25-T35,96,99,98,172,453
2025-12-27T06:06:41.825498+00:00,HIGHDAL-27DEC25-T40,72,76,74,492,736
2025-12-27T06:06:41.825498+00:00,HIGHDAL-27DEC25-T45,48,52,50,293,1961
2025-12-27T06:06:41.825498+00:00,HIGHDAL-27DEC25-T50,8,12,10,480,658
2025-12-27T06:06:41.825498+00:00,HIGHDAL-27DEC25-T55,1,4,2,66,1650
2025-12-27T06:06:41.825498+00:00,HIGHDAL-27DEC25-T60,8,12,10,226,1987
2025-12-27T06:06:41.825498+00:00,HIGHDEN-27DEC25-T30,96,99,98,427,1517
2025-12-27T06:06:41.825498+00:00,HIGHDEN-27DEC25-T35,88,92,90,98,1018
2025-12-27T06:06:41.825498+00:00,HIGHDEN-27DEC25-T40,71,75,73,213,1020
2025-12-27T06:06:41.825498+00:00,HIGHDEN-27DEC25-T45,27,31,29,276,724
2025-12-27T06:06:41.825498+00:00,HIGHDEN-27DEC25-T50,1,4,2,279,1967
2025-12-27T06:06:41.825498+00:00,HIGHDEN-27DEC25-T55,1,4,2,159,48
2025-12-27T06:06:41.825498+00:00,HIGHDEN-27DEC25-T60,1,4,2,451,45
2025-12-27T06:06:41.825498+00:00,HIGHLA-27DEC25-T45,96,99,98,84,1915
2025-12-27T06:06:41.825498+00:00,HIGHLA-27DEC25-T50,89,93,91,420,528
2025-12-27T06:06:41.825498+00:00,HIGHLA-27DEC25-T55,87,91,89,412,1804
2025-12-27T06:06:41.825498+00:00,HIGHLA-27DEC25-T60,57,61,59,485,76
2025-12-27T06:06:41.825498+00:00,HIGHLA-27DEC25-T65,23,27,25,266,256
2025-12-27T06:06:41.825498+00:00,HIGHLA-27DEC25-T70,10,14,12,40,1963
2025-12-27T06:06:41.825498+00:00,HIGHLA-27DEC25-T75,1,4,2,288,280
2025-12-27T06:06:41.825498+00:00,HIGHLA-27DEC25-T80,9,13,11,340,679
2025-12-27T06:06:41.825498+00:00,HIGHMIA-27DEC25-T55,97,99,99,125,1397
2025-12-27T06:06:41.825498+00:00,HIGHMIA-27DEC25-T60,96,99,98,299,418
2025-12-27T06:06:41.825498+00:00,HIGHMIA-27DEC25-T65,85,89,87,361,1080
2025-12-27T06:06:41.825498+00:00,HIGHMIA-27DEC25-T70,56,60,58,491,1566
2025-12-27T06:06:41.825498+00:00,HIGHMIA-27DEC25-T75,28,32,30,146,1588
2025-12-27T06:06:41.825498+00:00,HIGHMIA-27DEC25-T80,3,7,5,82,493
2025-12-27T06:06:41.825498+00:00,HIGHMIA-27DEC25-T85,3,7,5,361,60
2025-12-27T06:06:41.825498+00:00,HIGHMIA-27DEC25-T90,1,4,2,280,1550
2025-12-27T06:06:41.825498+00:00,HIGHNY-27DEC25-T30,76,80,78,231,1674
2025-12-27T06:06:41.825498+00:00,HIGHNY-27DEC25-T35,64,68,66,251,457
2025-12-27T06:06:41.825498+00:00,HIGHNY-27DEC25-T40,14,18,16,343,1491
2025-12-27T06:06:41.825498+00:00,HIGHNY-27DEC25-T45,7,11,9,475,1766
2025-12-27T06:06:41.825498+00:00,HIGHNY-27DEC25-T50,1,4,2,25,1288
2025-12-27T06:06:41.825498+00:00,HIGHNY-27DEC25-T55,1,4,2,348,1341
2025-12-27T06:06:41.825498+00:00,SNOWBOS-27DEC25-B0,1,4,2,31,341
2025-12-27T06:06:41.825498+00:00,SNOWBOS-27DEC25-B1,38,42,40,154,270
2025-12-27T06:06:41.825498+00:00,SNOWBOS-27DEC25-B2,15,19,17,39,238
2025-12-27T06:06:41.825498+00:00,SNOWBOS-27DEC25-B4,1,4,2,60,448
2025-12-27T06:06:41.825498+00:00,SNOWBOS-27DEC25-B6,1,4,2,26,279
2025-12-27T06:06:41.825498+00:00,SNOWCHI-27DEC25-B0,87,91,89,155,138
2025-12-27T06:06:41.825498+00:00,SNOWCHI-27DEC25-B1,77,81,79,167,236
2025-12-27T06:06:41.825498+00:00,SNOWCHI-27DEC25-B2,71,75,73,42,178
2025-12-27T06:06:41.825498+00:00,SNOWCHI-27DEC25-B4,35,39,37,1,346
2025-12-27T06:06:41.825498+00:00,SNOWCHI-27DEC25-B6,5,9,7,74,234
2025-12-27T06:06:41.825498+00:00,SNOWNYC-27DEC25-B0,1,4,2,145,495
2025-12-27T06:06:41.825498+00:00,SNOWNYC-27DEC25-B1,36,40,38,151,229
2025-12-27T06:06:41.825498+00:00,SNOWNYC-27DEC25-B2,29,33,31,105,240
2025-12-27T06:06:41.825498+00:00,SNOWNYC-27DEC25-B4,2,6,4,161,311
2025-12-27T06:06:41.825498+00:00,SNOWNYC-27DEC25-B6,1,4,2,146,481
2025-12-27T10:06:41.825498+00:00,HIGHCHI-27DEC25-T30,80,84,82,229,1727
2025-12-27T10:06:41.825498+00:00,HIGHCHI-27DEC25-T35,39,43,41,485,1818
2025-12-27T10:06:41.825498+00:00,HIGHCHI-27DEC25-T40,10,14,12,133,1874
2025-12-27T10:06:41.825498+00:00,HIGHCHI-27DEC25-T45,1,4,2,366,895
2025-12-27T10:06:41.825498+00:00,HIGHCHI-27DEC25-T50,1,4,2,445,101
2025-12-27T10:06:41.825498+00:00,HIGHDAL-27DEC25-T30,91,95,93,18,1877
2025-12-27T10:06:41.825498+00:00,HIGHDAL-27DEC25-T35,96,99,98,237,689
2025-12-27T10:06:41.825498+00:00,HIGHDAL-27DEC25-T40,72,76,74,495,1354
2025-12-27T10:06:41.825498+00:00,HIGHDAL-27DEC25-T45,48,52,50,116,972
2025-12-27T10:06:41.825498+00:00,HIGHDAL-27DEC25-T50,8,12,10,197,832
2025-12-27T10:06:41.825498+00:00,HIGHDAL-27DEC25-T55,1,4,2,294,1622
2025-12-27T10:06:41.825498+00:00,HIGHDAL-27DEC25-T60,8,12,10,240,1468
2025-12-27T10:06:41.825498+00:00,HIGHDEN-27DEC25-T30,96,99,98,130,1721
2025-12-27T10:06:41.825498+00:00,HIGHDEN-27DEC25-T35,87,91,89,113,746
2025-12-27T10:06:41.825498+00:00,HIGHDEN-27DEC25-T40,71,75,73,248,1342
2025-12-27T10:06:41.825498+00:00,HIGHDEN-27DEC25-T45,27,31,29,222,1547
2025-12-27T10:06:41.825498+00:00,HIGHDEN-27DEC25-T50,1,4,2,115,1532
2025-12-27T10:06:41.825498+00:00,HIGHDEN-27DEC25-T55,1,4,2,367,1113
2025-12-27T10:06:41.825498+00:00,HIGHDEN-27DEC25-T60,1,4,2,230,717
2025-12-27T10:06:41.825498+00:00,HIGHLA-27DEC25-T45,96,99,98,414,1680
2025-12-27T10:06:41.825498+00:00,HIGHLA-27DEC25-T50,89,93,91,141,346
2025-12-27T10:06:41.825498+00:00,HIGHLA-27DEC25-T55,87,91,89,103,836
2025-12-27T10:06:41.825498+00:00,HIGHLA-27DEC25-T60,57,61,59,64,1816
2025-12-27T10:06:41.825498+00:00,HIGHLA-27DEC25-T65,23,27,25,135,110
2025-12-27T10:06:41.825498+00:00,HIGHLA-27DEC25-T70,10,14,12,345,1905
2025-12-27T10:06:41.825498+00:00,HIGHLA-27DEC25-T75,1,4,2,199,1407
2025-12-27T10:06:41.825498+00:00,HIGHLA-27DEC25-T80,9,13,11,243,924
2025-12-27T10:06:41.825498+00:00,HIGHMIA-27DEC25-T55,96,99,98,163,480
2025-12-27T10:06:41.825498+00:00,HIGHMIA-27DEC25-T60,96,99,98,209,519
2025-12-27T10:06:41.825498+00:00,HIGHMIA-27DEC25-T65,85,89,87,242,122
2025-12-27T10:06:41.825498+00:00,HIGHMIA-27DEC25-T70,57,61,59,373,1846
2025-12-27T10:06:41.825498+00:00,HIGHMIA-27DEC25-T75,28,32,30,403,1087
2025-12-27T10:06:41.825498+00:00,HIGHMIA-27DEC25-T80,2,6,4,114,151
2025-12-27T10:06:41.825498+00:00,HIGHMIA-27DEC25-T85,3,7,5,443,1823
2025-12-27T10:06:41.825498+00:00,HIGHMIA-27DEC25-T90,1,4,2,464,471
2025-12-27T10:06:41.825498+00:00,HIGHNY-27DEC25-T30,76,80,78,446,1773
2025-12-27T10:06:41.825498+00:00,HIGHNY-27DEC25-T35,64,68,66,89,796
2025-12-27T10:06:41.825498+00:00,HIGHNY-27DEC25-T40,14,18,16,254,337
2025-12-27T10:06:41.825498+00:00,HIGHNY-27DEC25-T45,7,11,9,265,184
2025-12-27T10:06:41.825498+00:00,HIGHNY-27DEC25-T50,1,4,2,46,878
2025-12-27T10:06:41.825498+00:00,HIGHNY-27DEC25-T55,1,4,2,389,1936
2025-12-27T10:06:41.825498+00:00,SNOWBOS-27DEC25-B0,1,4,2,40,265
2025-12-27T10:06:41.825498+00:00,SNOWBOS-27DEC25-B1,38,42,40,18,151
2025-12-27T10:06:41.825498+00:00,SNOWBOS-27DEC25-B2,15,19,17,138,257
2025-12-27T10:06:41.825498+00:00,SNOWBOS-27DEC25-B4,1,4,2,191,252
2025-12-27T10:06:41.825498+00:00,SNOWBOS-27DEC25-B6,1,4,2,117,17
2025-12-27T10:06:41.825498+00:00,SNOWCHI-27DEC25-B0,87,91,89,173,438
2025-12-27T10:06:41.825498+00:00,SNOWCHI-27DEC25-B1,77,81,79,72,102
2025-12-27T10:06:41.825498+00:00,SNOWCHI-27DEC25-B2,71,75,73,170,493
2025-12-27T10:06:41.825498+00:00,SNOWCHI-27DEC25-B4,35,39,37,139,246
2025-12-27T10:06:41.825498+00:00,SNOWCHI-27DEC25-B6,5,9,7,8,332
2025-12-27T10:06:41.825498+00:00,SNOWNYC-27DEC25-B0,1,4,2,78,53
2025-12-27T10:06:41.825498+00:00,SNOWNYC-27DEC25-B1,36,40,38,157,388
2025-12-27T10:06:41.825498+00:00,SNOWNYC-27DEC25-B2,29,33,31,177,314
2025-12-27T10:06:41.825498+00:00,SNOWNYC-27DEC25-B4,2,6,4,109,68
2025-12-27T10:06:41.825498+00:00,SNOWNYC-27DEC25-B6,1,4,2,74,234
2025-12-27T12:06:41.825498+00:00,HIGHCHI-28DEC25-T30,44,48,46,163,1635
2025-12-27T12:06:41.825498+00:00,HIGHCHI-28DEC25-T35,6,10,8,430,356
2025-12-27T12:06:41.825498+00:00,HIGHCHI-28DEC25-T40,1,3,1,500,1752
2025-12-27T12:06:41.825498+00:00,HIGHCHI-28DEC25-T45,1,5,3,124,985
2025-12-27T12:06:41.825498+00:00,HIGHCHI-29DEC25-T30,50,54,52,70,218
2025-12-27T12:06:41.825498+00:00,HIGHCHI-29DEC25-T35,21,25,23,270,955
2025-12-27T12:06:41.825498+00:00,HIGHCHI-29DEC25-T40,1,3,1,367,1172
2025-12-27T12:06:41.825498+00:00,HIGHCHI-29DEC25-T45,1,3,1,300,486
2025-12-27T12:06:41.825498+00:00,HIGHCHI-29DEC25-T50,19,23,21,230,662
2025-12-27T12:06:41.825498+00:00,HIGHDAL-28DEC25-T40,92,96,94,212,62
2025-12-27T12:06:41.825498+00:00,HIGHDAL-28DEC25-T45,88,92,90,163,1547
2025-12-27T12:06:41.825498+00:00,HIGHDAL-28DEC25-T50,94,98,96,313,333
2025-12-27T12:06:41.825498+00:00,HIGHDAL-28DEC25-T55,53,57,55,326,667
2025-12-27T12:06:41.825498+00:00,HIGHDAL-28DEC25-T60,23,27,25,335,1789
2025-12-27T12:06:41.825498+00:00,HIGHDAL-28DEC25-T65,1,3,1,82,1981
2025-12-27T12:06:41.825498+00:00,HIGHDAL-28DEC25-T70,5,9,7,149,813
2025-12-27T12:06:41.825498+00:00,HIGHDAL-28DEC25-T75,1,3,1,452,327
2025-12-27T12:06:41.825498+00:00,HIGHDAL-29DEC25-T35,82,86,84,122,526
2025-12-27T12:06:41.825498+00:00,HIGHDAL-29DEC25-T40,97,99,99,233,1244
2025-12-27T12:06:41.825498+00:00,HIGHDAL-29DEC25-T45,90,94,92,299,673
2025-12-27T12:06:41.825498+00:00,HIGHDAL-29DEC25-T50,81,85,83,471,378
2025-12-27T12:06:41.825498+00:00,HIGHDAL-29DEC25-T55,36,40,38,247,513
2025-12-27T12:06:41.825498+00:00,HIGHDAL-29DEC25-T60,1,4,2,45,1908
2025-12-27T12:06:41.825498+00:00,HIGHDAL-29DEC25-T65,7,11,9,250,447
2025-12-27T12:06:41.825498+00:00,HIGHDAL-29DEC25-T70,1,3,1,169,1608
2025-12-27T12:06:41.825498+00:00,HIGHDEN-28DEC25-T30,70,74,72,364,1717
2025-12-27T12:06:41.825498+00:00,HIGHDEN-28DEC25-T35,54,58,56,75,337
2025-12-27T12:06:41.825498+00:00,HIGHDEN-28DEC25-T40,20,24,22,359,1599
2025-12-27T12:06:41.825498+00:00,HIGHDEN-28DEC25-T45,1,4,2,406,980
2025-12-27T12:06:41.825498+00:00,HIGHDEN-28DEC25-T50,1,4,2,133,126
2025-12-27T12:06:41.825498+00:00,HIGHDEN-28DEC25-T55,3,7,5,489,1884
2025-12-27T12:06:41.825498+00:00,HIGHDEN-29DEC25-T30,65,69,67,216,113
2025-12-27T12:06:41.825498+00:00,HIGHDEN-29DEC25-T35,43,47,45,340,1952
2025-12-27T12:06:41.825498+00:00,HIGHDEN-29DEC25-T40,24,28,26,333,1980
2025-12-27T12:06:41.825498+00:00,HIGHDEN-29DEC25-T45,9,13,11,238,784
2025-12-27T12:06:41.825498+00:00,HIGHDEN-29DEC25-T50,11,15,13,262,1685
2025-12-27T12:06:41.825498+00:00,HIGHLA-28DEC25-T50,96,99,98,257,257
2025-12-27T12:06:41.825498+00:00,HIGHLA-28DEC25-T55,82,86,84,320,855
2025-12-27T12:06:41.825498+00:00,HIGHLA-28DEC25-T60,89,93,91,490,1756
2025-12-27T12:06:41.825498+00:00,HIGHLA-28DEC25-T65,63,67,65,305,462
2025-12-27T12:06:41.825498+00:00,HIGHLA-28DEC25-T70,20,24,22,188,1637
2025-12-27T12:06:41.825498+00:00,HIGHLA-28DEC25-T75,7,11,9,262,473
2025-12-27T12:06:41.825498+00:00,HIGHLA-28DEC25-T80,1,4,2,232,170
2025-12-27T12:06:41.825498+00:00,HIGHLA-28DEC25-T85,2,6,4,411,1457
2025-12-27T12:06:41.825498+00:00,HIGHLA-29DEC25-T45,84,88,86,93,961
2025-12-27T12:06:41.825498+00:00,HIGHLA-29DEC25-T50,87,91,89,487,629
2025-12-27T12:06:41.825498+00:00,HIGHLA-29DEC25-T55,81,85,83,207,1696
2025-12-27T12:06:41.825498+00:00,HIGHLA-29DEC25-T60,76,80,78,292,1445
2025-12-27T12:06:41.825498+00:00,HIGHLA-29DEC25-T65,24,28,26,399,301
2025-12-27T12:06:41.825498+00:00,HIGHLA-29DEC25-T70,1,3,1,50,1355
2025-12-27T12:06:41.825498+00:00,HIGHLA-29DEC25-T75,14,18,16,388,1990
2025-12-27T12:06:41.825498+00:00,HIGHLA-29DEC25-T80,2,6,4,263,978
2025-12-27T12:06:41.825498+00:00,HIGHMIA-28DEC25-T55,85,89,87,493,332
2025-12-27T12:06:41.825498+00:00,HIGHMIA-28DEC25-T60,94,98,96,67,861
2025-12-27T12:06:41.825498+00:00,HIGHMIA-28DEC25-T65,97,99,99,438,241
2025-12-27T12:06:41.825498+00:00,HIGHMIA-28DEC25-T70,66,70,68,141,79
2025-12-27T12:06:41.825498+00:00,HIGHMIA-28DEC25-T75,41,45,43,276,460
2025-12-27T12:06:41.825498+00:00,HIGHMIA-28DEC25-T80,17,21,19,231,1375
2025-12-27T12:06:41.825498+00:00,HIGHMIA-28DEC25-T85,2,6,4,311,132
2025-12-27T12:06:41.825498+00:00,HIGHMIA-28DEC25-T90,1,4,2,431,1388
2025-12-27T12:06:41.825498+00:00,HIGHMIA-29DEC25-T55,97,99,99,428,895
2025-12-27T12:06:41.825498+00:00,HIGHMIA-29DEC25-T60,92,96,94,375,1193
2025-12-27T12:06:41.825498+00:00,HIGHMIA-29DEC25-T65,92,96,94,332,1896
2025-12-27T12:06:41.825498+00:00,HIGHMIA-29DEC25-T70,69,73,71,395,526
2025-12-27T12:06:41.825498+00:00,HIGHMIA-29DEC25-T75,41,45,43,81,356
2025-12-27T12:06:41.825498+00:00,HIGHMIA-29DEC25-T80,2,6,4,291,966
2025-12-27T12:06:41.825498+00:00,HIGHMIA-29DEC25-T85,1,3,1,483,986
2025-12-27T12:06:41.825498+00:00,HIGHMIA-29DEC25-T90,3,7,5,354,1994
2025-12-27T12:06:41.825498+00:00,HIGHNY-28DEC25-T30,81,85,83,208,1350
2025-12-27T12:06:41.825498+00:00,HIGHNY-28DEC25-T35,65,69,67,476,608
2025-12-27T12:06:41.825498+00:00,HIGHNY-28DEC25-T40,26,30,28,196,902
2025-12-27T12:06:41.825498+00:00,HIGHNY-28DEC25-T45,8,12,10,331,540
2025-12-27T12:06:41.825498+00:00,HIGHNY-28DEC25-T50,7,11,9,437,638
2025-12-27T12:06:41.825498+00:00,HIGHNY-28DEC25-T55,3,7,5,386,120
2025-12-27T12:06:41.825498+00:00,HIGHNY-29DEC25-T30,97,99,99,133,422
2025-12-27T12:06:41.825498+00:00,HIGHNY-29DEC25-T35,91,95,93,427,1789
2025-12-27T12:06:41.825498+00:00,HIGHNY-29DEC25-T40,51,55,53,252,521
2025-12-27T12:06:41.825498+00:00,HIGHNY-29DEC25-T45,28,32,30,445,727
2025-12-27T12:06:41.825498+00:00,HIGHNY-29DEC25-T50,13,17,15,497,1792
2025-12-27T12:06:41.825498+00:00,HIGHNY-29DEC25-T55,26,30,28,239,1999
2025-12-27T12:06:41.825498+00:00,HIGHNY-29DEC25-T60,1,3,1,377,769
2025-12-27T12:06:41.825498+00:00,SNOWBOS-28DEC25-B0,7,11,9,189,105
2025-12-27T12:06:41.825498+00:00,SNOWBOS-28DEC25-B1,7,11,9,45,470
2025-12-27T12:06:41.825498+00:00,SNOWBOS-28DEC25-B2,31,35,33,93,270
2025-12-27T12:06:41.825498+00:00,SNOWBOS-28DEC25-B4,1,4,2,102,377
2025-12-27T12:06:41.825498+00:00,SNOWBOS-28DEC25-B6,1,3,1,34,231
2025-12-27T12:06:41.825498+00:00,SNOWBOS-29DEC25-B0,2,6,4,52,313
2025-12-27T12:06:41.825498+00:00,SNOWBOS-29DEC25-B1,19,23,21,36,334
2025-12-27T12:06:41.825498+00:00,SNOWBOS-29DEC25-B2,1,3,1,93,369
2025-12-27T12:06:41.825498+00:00,SNOWBOS-29DEC25-B4,30,34,32,111,64
2025-12-27T12:06:41.825498+00:00,SNOWBOS-29DEC25-B6,1,3,1,7,257
2025-12-27T12:06:41.825498+00:00,SNOWCHI-28DEC25-B0,6,10,8,81,487
2025-12-27T12:06:41.825498+00:00,SNOWCHI-28DEC25-B1,28,32,30,103,390
2025-12-27T12:06:41.825498+00:00,SNOWCHI-28DEC25-B2,11,15,13,47,289
2025-12-27T12:06:41.825498+00:00,SNOWCHI-28DEC25-B4,5,9,7,112,150
2025-12-27T12:06:41.825498+00:00,SNOWCHI-28DEC25-B6,7,11,9,94,195
2025-12-27T12:06:41.825498+00:00,SNOWCHI-29DEC25-B0,1,4,2,22,147
2025-12-27T12:06:41.825498+00:00,SNOWCHI-29DEC25-B1,31,35,33,111,239
2025-12-27T12:06:41.825498+00:00,SNOWCHI-29DEC25-B2,21,25,23,63,302
2025-12-27T12:06:41.825498+00:00,SNOWCHI-29DEC25-B4,8,12,10,185,330
2025-12-27T12:06:41.825498+00:00,SNOWCHI-29DEC25-B6,7,11,9,83,318
2025-12-27T12:06:41.825498+00:00,SNOWNYC-28DEC25-B0,8,12,10,86,415
2025-12-27T12:06:41.825498+00:00,SNOWNYC-28DEC25-B1,30,34,32,187,321
2025-12-27T12:06:41.825498+00:00,SNOWNYC-28DEC25-B2,3,7,5,148,133
2025-12-27T12:06:41.825498+00:00,SNOWNYC-28DEC25-B4,2,6,4,142,20
2025-12-27T12:06:41.825498+00:00,SNOWNYC-28DEC25-B6,1,4,2,12,190
2025-12-27T12:06:41.825498+00:00,SNOWNYC-29DEC25-B0,7,11,9,118,299
2025-12-27T12:06:41.825498+00:00,SNOWNYC-29DEC25-B1,28,32,30,22,265
2025-12-27T12:06:41.825498+00:00,SNOWNYC-29DEC25-B2,12,16,14,140,298
2025-12-27T12:06:41.825498+00:00,SNOWNYC-29DEC25-B4,11,15,13,85,206
2025-12-27T12:06:41.825498+00:00,SNOWNYC-29DEC25-B6,12,16,14,102,406
2025-12-28T00:06:41.825498+00:00,HIGHCHI-28DEC25-T30,41,45,43,230,88
2025-12-28T00:06:41.825498+00:00,HIGHCHI-28DEC25-T35,11,15,13,136,1891
2025-12-28T00:06:41.825498+00:00,HIGHCHI-28DEC25-T40,1,3,1,416,1161
2025-12-28T00:06:41.825498+00:00,HIGHCHI-28DEC25-T45,1,4,2,17,1288
2025-12-28T00:06:41.825498+00:00,HIGHDAL-28DEC25-T40,90,94,92,490,1285
2025-12-28T00:06:41.825498+00:00,HIGHDAL-28DEC25-T45,89,93,91,91,176
2025-12-28T00:06:41.825498+00:00,HIGHDAL-28DEC25-T50,93,97,95,95,1968
2025-12-28T00:06:41.825498+00:00,HIGHDAL-28DEC25-T55,58,62,60,231,1313
2025-12-28T00:06:41.825498+00:00,HIGHDAL-28DEC25-T60,23,27,25,309,1058
2025-12-28T00:06:41.825498+00:00,HIGHDAL-28DEC25-T65,1,4,2,465,1734
2025-12-28T00:06:41.825498+00:00,HIGHDAL-28DEC25-T70,5,9,7,311,127
2025-12-28T00:06:41.825498+00:00,HIGHDAL-28DEC25-T75,1,4,2,77,1897
2025-12-28T00:06:41.825498+00:00,HIGHDEN-28DEC25-T30,70,74,72,489,1533
2025-12-28T00:06:41.825498+00:00,HIGHDEN-28DEC25-T35,54,58,56,44,625
2025-12-28T00:06:41.825498+00:00,HIGHDEN-28DEC25-T40,20,24,22,324,1676
2025-12-28T00:06:41.825498+00:00,HIGHDEN-28DEC25-T45,3,7,5,467,1730
2025-12-28T00:06:41.825498+00:00,HIGHDEN-28DEC25-T50,1,4,2,333,1004
2025-12-28T00:06:41.825498+00:00,HIGHDEN-28DEC25-T55,3,7,5,118,1692
2025-12-28T00:06:41.825498+00:00,HIGHLA-28DEC25-T50,97,99,99,74,815
2025-12-28T00:06:41.825498+00:00,HIGHLA-28DEC25-T55,84,88,86,358,778
2025-12-28T00:06:41.825498+00:00,HIGHLA-28DEC25-T60,89,93,91,113,1334
2025-12-28T00:06:41.825498+00:00,HIGHLA-28DEC25-T65,59,63,61,401,322
2025-12-28T00:06:41.825498+00:00,HIGHLA-28DEC25-T70,17,21,19,13,376
2025-12-28T00:06:41.825498+00:00,HIGHLA-28DEC25-T75,9,13,11,406,1881
2025-12-28T00:06:41.825498+00:00,HIGHLA-28DEC25-T80,1,4,2,80,154
2025-12-28T00:06:41.825498+00:00,HIGHLA-28DEC25-T85,1,5,3,454,1594
2025-12-28T00:06:41.825498+00:00,HIGHMIA-28DEC25-T55,85,89,87,356,1910
2025-12-28T00:06:41.825498+00:00,HIGHMIA-28DEC25-T60,96,99,98,186,1809
2025-12-28T00:06:41.825498+00:00,HIGHMIA-28DEC25-T65,97,99,99,184,1751
2025-12-28T00:06:41.825498+00:00,HIGHMIA-28DEC25-T70,61,65,63,97,579
2025-12-28T00:06:41.825498+00:00,HIGHMIA-28DEC25-T75,40,44,42,197,879
2025-12-28T00:06:41.825498+00:00,HIGHMIA-28DEC25-T80,17,21,19,222,1014
2025-12-28T00:06:41.825498+00:00,HIGHMIA-28DEC25-T85,1,4,2,8,438
2025-12-28T00:06:41.825498+00:00,HIGHMIA-28DEC25-T90,1,3,1,417,745
2025-12-28T00:06:41.825498+00:00,HIGHNY-28DEC25-T30,82,86,84,350,1779
2025-12-28T00:06:41.825498+00:00,HIGHNY-28DEC25-T35,67,71,69,227,221
2025-12-28T00:06:41.825498+00:00,HIGHNY-28DEC25-T40,25,29,27,294,1416
2025-12-28T00:06:41.825498+00:00,HIGHNY-28DEC25-T45,7,11,9,465,1667
2025-12-28T00:06:41.825498+00:00,HIGHNY-28DEC25-T50,9,13,11,252,238
2025-12-28T00:06:41.825498+00:00,HIGHNY-28DEC25-T55,1,5,3,431,1871
2025-12-28T00:06:41.825498+00:00,SNOWBOS-28DEC25-B0,7,11,9,128,275
2025-12-28T00:06:41.825498+00:00,SNOWBOS-28DEC25-B1,7,11,9,183,237
2025-12-28T00:06:41.825498+00:00,SNOWBOS-28DEC25-B2,28,32,30,58,72
2025-12-28T00:06:41.825498+00:00,SNOWBOS-28DEC25-B4,1,4,2,185,255
2025-12-28T00:06:41.825498+00:00,SNOWBOS-28DEC25-B6,1,4,2,129,476
2025-12-28T00:06:41.825498+00:00,SNOWCHI-28DEC25-B0,3,7,5,80,273
2025-12-28T00:06:41.825498+00:00,SNOWCHI-28DEC25-B1,27,31,29,113,468
2025-12-28T00:06:41.825498+00:00,SNOWCHI-28DEC25-B2,9,13,11,76,174
2025-12-28T00:06:41.825498+00:00,SNOWCHI-28DEC25-B4,4,8,6,164,415
2025-12-28T00:06:41.825498+00:00,SNOWCHI-28DEC25-B6,4,8,6,99,496
2025-12-28T00:06:41.825498+00:00,SNOWNYC-28DEC25-B0,6,10,8,38,80
2025-12-28T00:06:41.825498+00:00,SNOWNYC-28DEC25-B1,30,34,32,136,226
2025-12-28T00:06:41.825498+00:00,SNOWNYC-28DEC25-B2,6,10,8,184,83
2025-12-28T00:06:41.825498+00:00,SNOWNYC-28DEC25-B4,9,13,11,100,457
2025-12-28T00:06:41.825498+00:00,SNOWNYC-28DEC25-B6,1,3,1,140,183
2025-12-28T06:06:41.825498+00:00,HIGHCHI-28DEC25-T30,42,46,44,51,1882
2025-12-28T06:06:41.825498+00:00,HIGHCHI-28DEC25-T35,11,15,13,417,624
2025-12-28T06:06:41.825498+00:00,HIGHCHI-28DEC25-T40,1,4,2,12,561
2025-12-28T06:06:41.825498+00:00,HIGHCHI-28DEC25-T45,1,4,2,473,1269
2025-12-28T06:06:41.825498+00:00,HIGHDAL-28DEC25-T40,90,94,92,240,1723
2025-12-28T06:06:41.825498+00:00,HIGHDAL-28DEC25-T45,89,93,91,266,1316
2025-12-28T06:06:41.825498+00:00,HIGHDAL-28DEC25-T50,93,97,95,400,1306
2025-12-28T06:06:41.825498+00:00,HIGHDAL-28DEC25-T55,58,62,60,160,1650
2025-12-28T06:06:41.825498+00:00,HIGHDAL-28DEC25-T60,23,27,25,201,967
2025-12-28T06:06:41.825498+00:00,HIGHDAL-28DEC25-T65,1,4,2,180,1482
2025-12-28T06:06:41.825498+00:00,HIGHDAL-28DEC25-T70,5,9,7,409,1312
2025-12-28T06:06:41.825498+00:00,HIGHDAL-28DEC25-T75,1,4,2,184,655
2025-12-28T06:06:41.825498+00:00,HIGHDEN-28DEC25-T30,71,75,73,52,1343
2025-12-28T06:06:41.825498+00:00,HIGHDEN-28DEC25-T35,54,58,56,399,1125
2025-12-28T06:06:41.825498+00:00,HIGHDEN-28DEC25-T40,20,24,22,27,861
2025-12-28T06:06:41.825498+00:00,HIGHDEN-28DEC25-T45,1,4,2,297,922
2025-12-28T06:06:41.825498+00:00,HIGHDEN-28DEC25-T50,1,4,2,57,1476
2025-12-28T06:06:41.825498+00:00,HIGHDEN-28DEC25-T55,2,6,4,18,869
2025-12-28T06:06:41.825498+00:00,HIGHLA-28DEC25-T50,96,99,98,237,779
2025-12-28T06:06:41.825498+00:00,HIGHLA-28DEC25-T55,84,88,86,116,928
2025-12-28T06:06:41.825498+00:00,HIGHLA-28DEC25-T60,89,93,91,332,1242
2025-12-28T06:06:41.825498+00:00,HIGHLA-28DEC25-T65,59,63,61,408,1864
2025-12-28T06:06:41.825498+00:00,HIGHLA-28DEC25-T70,17,21,19,140,127
2025-12-28T06:06:41.825498+00:00,HIGHLA-28DEC25-T75,9,13,11,448,1369
2025-12-28T06:06:41.825498+00:00,HIGHLA-28DEC25-T80,1,4,2,69,583
2025-12-28T06:06:41.825498+00:00,HIGHLA-28DEC25-T85,1,4,2,287,1496
2025-12-28T06:06:41.825498+00:00,HIGHMIA-28DEC25-T55,85,89,87,48,210
2025-12-28T06:06:41.825498+00:00,HIGHMIA-28DEC25-T60,96,99,98,449,1895
2025-12-28T06:06:41.825498+00:00,HIGHMIA-28DEC25-T65,96,99,98,147,1195
2025-12-28T06:06:41.825498+00:00,HIGHMIA-28DEC25-T70,62,66,64,178,738
2025-12-28T06:06:41.825498+00:00,HIGHMIA-28DEC25-T75,40,44,42,164,1497
2025-12-28T06:06:41.825498+00:00,HIGHMIA-28DEC25-T80,17,21,19,115,1566
2025-12-28T06:06:41.825498+00:00,HIGHMIA-28DEC25-T85,1,4,2,75,1585
2025-12-28T06:06:41.825498+00:00,HIGHMIA-28DEC25-T90,1,5,3,26,913
2025-12-28T06:06:41.825498+00:00,HIGHNY-28DEC25-T30,82,86,84,278,798
2025-12-28T06:06:41.825498+00:00,HIGHNY-28DEC25-T35,65,69,67,394,1317
2025-12-28T06:06:41.825498+00:00,HIGHNY-28DEC25-T40,25,29,27,410,388
2025-12-28T06:06:41.825498+00:00,HIGHNY-28DEC25-T45,8,12,10,243,1865
2025-12-28T06:06:41.825498+00:00,HIGHNY-28DEC25-T50,9,13,11,126,801
2025-12-28T06:06:41.825498+00:00,HIGHNY-28DEC25-T55,1,4,2,467,606
2025-12-28T06:06:41.825498+00:00,SNOWBOS-28DEC25-B0,7,11,9,68,406
2025-12-28T06:06:41.825498+00:00,SNOWBOS-28DEC25-B1,8,12,10,82,351
2025-12-28T06:06:41.825498+00:00,SNOWBOS-28DEC25-B2,29,33,31,61,414
2025-12-28T06:06:41.825498+00:00,SNOWBOS-28DEC25-B4,1,3,1,148,47
2025-12-28T06:06:41.825498+00:00,SNOWBOS-28DEC25-B6,1,4,2,133,88
2025-12-28T06:06:41.825498+00:00,SNOWCHI-28DEC25-B0,5,9,7,122,139
2025-12-28T06:06:41.825498+00:00,SNOWCHI-28DEC25-B1,28,32,30,48,264
2025-12-28T06:06:41.825498+00:00,SNOWCHI-28DEC25-B2,9,13,11,76,166
2025-12-28T06:06:41.825498+00:00,SNOWCHI-28DEC25-B4,4,8,6,164,217
2025-12-28T06:06:41.825498+00:00,SNOWCHI-28DEC25-B6,4,8,6,174,240
2025-12-28T06:06:41.825498+00:00,SNOWNYC-28DEC25-B0,6,10,8,121,366
2025-12-28T06:06:41.825498+00:00,SNOWNYC-28DEC25-B1,30,34,32,78,72
2025-12-28T06:06:41.825498+00:00,SNOWNYC-28DEC25-B2,6,10,8,91,133
2025-12-28T06:06:41.825498+00:00,SNOWNYC-28DEC25-B4,9,13,11,96,139
2025-12-28T06:06:41.825498+00:00,SNOWNYC-28DEC25-B6,1,4,2,200,360
2025-12-28T10:06:41.825498+00:00,HIGHCHI-28DEC25-T30,42,46,44,156,689
2025-12-28T10:06:41.825498+00:00,HIGHCHI-28DEC25-T35,11,15,13,387,1802
2025-12-28T10:06:41.825498+00:00,HIGHCHI-28DEC25-T40,1,4,2,279,273
2025-12-28T10:06:41.825498+00:00,HIGHCHI-28DEC25-T45,1,4,2,118,1346
2025-12-28T10:06:41.825498+00:00,HIGHDAL-28DEC25-T40,90,94,92,228,1749
2025-12-28T10:06:41.825498+00:00,HIGHDAL-28DEC25-T45,89,93,91,468,1609
2025-12-28T10:06:41.825498+00:00,HIGHDAL-28DEC25-T50,93,97,95,394,1206
2025-12-28T10:06:41.825498+00:00,HIGHDAL-28DEC25-T55,58,62,60,264,171
2025-12-28T10:06:41.825498+00:00,HIGHDAL-28DEC25-T60,23,27,25,383,1854
2025-12-28T10:06:41.825498+00:00,HIGHDAL-28DEC25-T65,1,4,2,25,527
2025-12-28T10:06:41.825498+00:00,HIGHDAL-28DEC25-T70,5,9,7,53,1162
2025-12-28T10:06:41.825498+00:00,HIGHDAL-28DEC25-T75,1,4,2,205,284
2025-12-28T10:06:41.825498+00:00,HIGHDEN-28DEC25-T30,70,74,72,348,887
2025-12-28T10:06:41.825498+00:00,HIGHDEN-28DEC25-T35,54,58,56,432,1532
2025-12-28T10:06:41.825498+00:00,HIGHDEN-28DEC25-T40,20,24,22,191,1405
2025-12-28T10:06:41.825498+00:00,HIGHDEN-28DEC25-T45,1,4,2,241,1595
2025-12-28T10:06:41.825498+00:00,HIGHDEN-28DEC25-T50,1,4,2,438,1076
2025-12-28T10:06:41.825498+00:00,HIGHDEN-28DEC25-T55,2,6,4,32,831
2025-12-28T10:06:41.825498+00:00,HIGHLA-28DEC25-T50,96,99,98,489,1126
2025-12-28T10:06:41.825498+00:00,HIGHLA-28DEC25-T55,84,88,86,190,223
2025-12-28T10:06:41.825498+00:00,HIGHLA-28DEC25-T60,89,93,91,175,518
2025-12-28T10:06:41.825498+00:00,HIGHLA-28DEC25-T65,59,63,61,79,286
2025-12-28T10:06:41.825498+00:00,HIGHLA-28DEC25-T70,17,21,19,63,1547
2025-12-28T10:06:41.825498+00:00,HIGHLA-28DEC25-T75,9,13,11,498,83
2025-12-28T10:06:41.825498+00:00,HIGHLA-28DEC25-T80,1,4,2,369,685
2025-12-28T10:06:41.825498+00:00,HIGHLA-28DEC25-T85,1,4,2,459,487
2025-12-28T10:06:41.825498+00:00,HIGHMIA-28DEC25-T55,85,89,87,226,217
2025-12-28T10:06:41.825498+00:00,HIGHMIA-28DEC25-T60,96,99,98,374,125
2025-12-28T10:06:41.825498+00:00,HIGHMIA-28DEC25-T65,96,99,98,120,1673
2025-12-28T10:06:41.825498+00:00,HIGHMIA-28DEC25-T70,62,66,64,8,391
2025-12-28T10:06:41.825498+00:00,HIGHMIA-28DEC25-T75,40,44,42,171,1610
2025-12-28T10:06:41.825498+00:00,HIGHMIA-28DEC25-T80,17,21,19,267,253
2025-12-28T10:06:41.825498+00:00,HIGHMIA-28DEC25-T85,1,4,2,135,612
2025-12-28T10:06:41.825498+00:00,HIGHMIA-28DEC25-T90,1,4,2,14,961
2025-12-28T10:06:41.825498+00:00,HIGHNY-28DEC25-T30,82,86,84,459,1575
2025-12-28T10:06:41.825498+00:00,HIGHNY-28DEC25-T35,65,69,67,90,1441
2025-12-28T10:06:41.825498+00:00,HIGHNY-28DEC25-T40,25,29,27,450,803
2025-12-28T10:06:41.825498+00:00,HIGHNY-28DEC25-T45,8,12,10,42,924
2025-12-28T10:06:41.825498+00:00,HIGHNY-28DEC25-T50,9,13,11,363,624
2025-12-28T10:06:41.825498+00:00,HIGHNY-28DEC25-T55,1,4,2,415,741
2025-12-28T10:06:41.825498+00:00,SNOWBOS-28DEC25-B0,7,11,9,67,370
2025-12-28T10:06:41.825498+00:00,SNOWBOS-28DEC25-B1,7,11,9,89,373
2025-12-28T10:06:41.825498+00:00,SNOWBOS-28DEC25-B2,28,32,30,127,23
2025-12-28T10:06:41.825498+00:00,SNOWBOS-28DEC25-B4,1,4,2,33,172
2025-12-28T10:06:41.825498+00:00,SNOWBOS-28DEC25-B6,1,4,2,78,94
2025-12-28T10:06:41.825498+00:00,SNOWCHI-28DEC25-B0,5,9,7,10,395
2025-12-28T10:06:41.825498+00:00,SNOWCHI-28DEC25-B1,28,32,30,178,264
2025-12-28T10:06:41.825498+00:00,SNOWCHI-28DEC25-B2,9,13,11,115,318
2025-12-28T10:06:41.825498+00:00,SNOWCHI-28DEC25-B4,4,8,6,94,272
2025-12-28T10:06:41.825498+00:00,SNOWCHI-28DEC25-B6,4,8,6,95,200
2025-12-28T10:06:41.825498+00:00,SNOWNYC-28DEC25-B0,5,9,7,36,398
2025-12-28T10:06:41.825498+00:00,SNOWNYC-28DEC25-B1,30,34,32,13,132
2025-12-28T10:06:41.825498+00:00,SNOWNYC-28DEC25-B2,6,10,8,147,223
2025-12-28T10:06:41.825498+00:00,SNOWNYC-28DEC25-B4,9,13,11,192,18
2025-12-28T10:06:41.825498+00:00,SNOWNYC-28DEC25-B6,1,4,2,119,366
2025-12-28T12:06:41.825498+00:00,HIGHCHI-29DEC25-T30,51,55,53,178,1162
2025-12-28T12:06:41.825498+00:00,HIGHCHI-29DEC25-T35,24,28,26,76,691
2025-12-28T12:06:41.825498+00:00,HIGHCHI-29DEC25-T40,1,3,1,193,698
2025-12-28T12:06:41.825498+00:00,HIGHCHI-29DEC25-T45,1,4,2,92,1093
2025-12-28T12:06:41.825498+00:00,HIGHCHI-29DEC25-T50,15,19,17,109,860
2025-12-28T12:06:41.825498+00:00,HIGHCHI-30DEC25-T30,64,68,66,448,755
2025-12-28T12:06:41.825498+00:00,HIGHCHI-30DEC25-T35,12,16,14,20,1649
2025-12-28T12:06:41.825498+00:00,HIGHCHI-30DEC25-T40,1,4,2,426,771
2025-12-28T12:06:41.825498+00:00,HIGHCHI-30DEC25-T45,10,14,12,183,1785
2025-12-28T12:06:41.825498+00:00,HIGHCHI-30DEC25-T50,1,3,1,421,443
2025-12-28T12:06:41.825498+00:00,HIGHDAL-29DEC25-T35,87,91,89,240,728
2025-12-28T12:06:41.825498+00:00,HIGHDAL-29DEC25-T40,97,99,99,349,1460
2025-12-28T12:06:41.825498+00:00,HIGHDAL-29DEC25-T45,94,98,96,300,1244
2025-12-28T12:06:41.825498+00:00,HIGHDAL-29DEC25-T50,71,75,73,325,1410
2025-12-28T12:06:41.825498+00:00,HIGHDAL-29DEC25-T55,43,47,45,439,481
2025-12-28T12:06:41.825498+00:00,HIGHDAL-29DEC25-T60,2,6,4,235,1754
2025-12-28T12:06:41.825498+00:00,HIGHDAL-29DEC25-T65,5,9,7,450,1877
2025-12-28T12:06:41.825498+00:00,HIGHDAL-29DEC25-T70,1,5,3,149,799
2025-12-28T12:06:41.825498+00:00,HIGHDAL-30DEC25-T35,96,99,98,201,1904
2025-12-28T12:06:41.825498+00:00,HIGHDAL-30DEC25-T40,89,93,91,195,264
2025-12-28T12:06:41.825498+00:00,HIGHDAL-30DEC25-T45,96,99,98,107,617
2025-12-28T12:06:41.825498+00:00,HIGHDAL-30DEC25-T50,86,90,88,17,497
2025-12-28T12:06:41.825498+00:00,HIGHDAL-30DEC25-T55,33,37,35,256,1988
2025-12-28T12:06:41.825498+00:00,HIGHDAL-30DEC25-T60,3,7,5,206,173
2025-12-28T12:06:41.825498+00:00,HIGHDAL-30DEC25-T65,1,4,2,108,298
2025-12-28T12:06:41.825498+00:00,HIGHDAL-30DEC25-T70,1,3,1,51,342
2025-12-28T12:06:41.825498+00:00,HIGHDEN-29DEC25-T30,63,67,65,79,53
2025-12-28T12:06:41.825498+00:00,HIGHDEN-29DEC25-T35,39,43,41,425,1020
2025-12-28T12:06:41.825498+00:00,HIGHDEN-29DEC25-T40,18,22,20,438,172
2025-12-28T12:06:41.825498+00:00,HIGHDEN-29DEC25-T45,5,9,7,483,1282
2025-12-28T12:06:41.825498+00:00,HIGHDEN-29DEC25-T50,11,15,13,486,1883
2025-12-28T12:06:41.825498+00:00,HIGHDEN-30DEC25-T30,92,96,94,138,1699
2025-12-28T12:06:41.825498+00:00,HIGHDEN-30DEC25-T35,52,56,54,426,840
2025-12-28T12:06:41.825498+00:00,HIGHDEN-30DEC25-T40,1,4,2,67,107
2025-12-28T12:06:41.825498+00:00,HIGHDEN-30DEC25-T45,8,12,10,457,324
2025-12-28T12:06:41.825498+00:00,HIGHDEN-30DEC25-T50,4,8,6,411,59
2025-12-28T12:06:41.825498+00:00,HIGHDEN-30DEC25-T55,4,8,6,34,1676
2025-12-28T12:06:41.825498+00:00,HIGHLA-29DEC25-T45,88,92,90,472,1111
2025-12-28T12:06:41.825498+00:00,HIGHLA-29DEC25-T50,89,93,91,399,611
2025-12-28T12:06:41.825498+00:00,HIGHLA-29DEC25-T55,81,85,83,181,1975
2025-12-28T12:06:41.825498+00:00,HIGHLA-29DEC25-T60,74,78,76,144,301
2025-12-28T12:06:41.825498+00:00,HIGHLA-29DEC25-T65,23,27,25,7,1995
2025-12-28T12:06:41.825498+00:00,HIGHLA-29DEC25-T70,1,3,1,298,495
2025-12-28T12:06:41.825498+00:00,HIGHLA-29DEC25-T75,13,17,15,451,1916
2025-12-28T12:06:41.825498+00:00,HIGHLA-29DEC25-T80,1,4,2,144,414
2025-12-28T12:06:41.825498+00:00,HIGHLA-30DEC25-T50,97,99,99,448,1363
2025-12-28T12:06:41.825498+00:00,HIGHLA-30DEC25-T55,80,84,82,43,1317
2025-12-28T12:06:41.825498+00:00,HIGHLA-30DEC25-T60,77,81,79,345,1448
2025-12-28T12:06:41.825498+00:00,HIGHLA-30DEC25-T65,46,50,48,180,1851
2025-12-28T12:06:41.825498+00:00,HIGHLA-30DEC25-T70,28,32,30,72,1826
2025-12-28T12:06:41.825498+00:00,HIGHLA-30DEC25-T75,5,9,7,391,499
2025-12-28T12:06:41.825498+00:00,HIGHLA-30DEC25-T80,6,10,8,221,1441
2025-12-28T12:06:41.825498+00:00,HIGHLA-30DEC25-T85,18,22,20,317,1351
2025-12-28T12:06:41.825498+00:00,HIGHMIA-29DEC25-T55,93,97,95,347,215
2025-12-28T12:06:41.825498+00:00,HIGHMIA-29DEC25-T60,94,98,96,359,503
2025-12-28T12:06:41.825498+00:00,HIGHMIA-29DEC25-T65,97,99,99,118,468
2025-12-28T12:06:41.825498+00:00,HIGHMIA-29DEC25-T70,69,73,71,408,187
2025-12-28T12:06:41.825498+00:00,HIGHMIA-29DEC25-T75,49,53,51,64,1413
2025-12-28T12:06:41.825498+00:00,HIGHMIA-29DEC25-T80,1,4,2,16,830
2025-12-28T12:06:41.825498+00:00,HIGHMIA-29DEC25-T85,2,6,4,398,297
2025-12-28T12:06:41.825498+00:00,HIGHMIA-29DEC25-T90,1,3,1,339,1781
2025-12-28T12:06:41.825498+00:00,HIGHMIA-30DEC25-T55,95,99,97,184,1992
2025-12-28T12:06:41.825498+00:00,HIGHMIA-30DEC25-T60,96,99,98,315,1063
2025-12-28T12:06:41.825498+00:00,HIGHMIA-30DEC25-T65,89,93,91,72,812
2025-12-28T12:06:41.825498+00:00,HIGHMIA-30DEC25-T70,79,83,81,490,1636
2025-12-28T12:06:41.825498+00:00,HIGHMIA-30DEC25-T75,36,40,38,418,338
2025-12-28T12:06:41.825498+00:00,HIGHMIA-30DEC25-T80,8,12,10,64,948
2025-12-28T12:06:41.825498+00:00,HIGHMIA-30DEC25-T85,1,4,2,90,781
2025-12-28T12:06:41.825498+00:00,HIGHMIA-30DEC25-T90,13,17,15,259,952
2025-12-28T12:06:41.825498+00:00,HIGHNY-29DEC25-T30,94,98,96,330,1978
2025-12-28T12:06:41.825498+00:00,HIGHNY-29DEC25-T35,86,90,88,19,186
2025-12-28T12:06:41.825498+00:00,HIGHNY-29DEC25-T40,60,64,62,417,1673
2025-12-28T12:06:41.825498+00:00,HIGHNY-29DEC25-T45,25,29,27,209,287
2025-12-28T12:06:41.825498+00:00,HIGHNY-29DEC25-T50,9,13,11,466,347
2025-12-28T12:06:41.825498+00:00,HIGHNY-29DEC25-T55,23,27,25,128,460
2025-12-28T12:06:41.825498+00:00,HIGHNY-29DEC25-T60,2,6,4,396,845
2025-12-28T12:06:41.825498+00:00,HIGHNY-30DEC25-T30,80,84,82,63,66
2025-12-28T12:06:41.825498+00:00,HIGHNY-30DEC25-T35,45,49,47,99,401
2025-12-28T12:06:41.825498+00:00,HIGHNY-30DEC25-T40,2,6,4,279,402
2025-12-28T12:06:41.825498+00:00,HIGHNY-30DEC25-T45,1,3,1,321,373
2025-12-28T12:06:41.825498+00:00,HIGHNY-30DEC25-T50,1,3,1,75,1197
2025-12-28T12:06:41.825498+00:00,SNOWBOS-29DEC25-B0,7,11,9,197,291
2025-12-28T12:06:41.825498+00:00,SNOWBOS-29DEC25-B1,27,31,29,40,376
2025-12-28T12:06:41.825498+00:00,SNOWBOS-29DEC25-B2,3,7,5,164,478
2025-12-28T12:06:41.825498+00:00,SNOWBOS-29DEC25-B4,28,32,30,131,392
2025-12-28T12:06:41.825498+00:00,SNOWBOS-29DEC25-B6,3,7,5,22,69
2025-12-28T12:06:41.825498+00:00,SNOWBOS-30DEC25-B0,90,94,92,7,115
2025-12-28T12:06:41.825498+00:00,SNOWBOS-30DEC25-B1,30,34,32,115,32
2025-12-28T12:06:41.825498+00:00,SNOWBOS-30DEC25-B2,21,25,23,16,440
2025-12-28T12:06:41.825498+00:00,SNOWBOS-30DEC25-B4,1,4,2,31,496
2025-12-28T12:06:41.825498+00:00,SNOWBOS-30DEC25-B6,1,3,1,23,208
2025-12-28T12:06:41.825498+00:00,SNOWCHI-29DEC25-B0,6,10,8,163,88
2025-12-28T12:06:41.825498+00:00,SNOWCHI-29DEC25-B1,26,30,28,27,23
2025-12-28T12:06:41.825498+00:00,SNOWCHI-29DEC25-B2,14,18,16,44,81
2025-12-28T12:06:41.825498+00:00,SNOWCHI-29DEC25-B4,1,3,1,118,64
2025-12-28T12:06:41.825498+00:00,SNOWCHI-29DEC25-B6,1,5,3,81,100
2025-12-28T12:06:41.825498+00:00,SNOWCHI-30DEC25-B0,15,19,17,27,489
2025-12-28T12:06:41.825498+00:00,SNOWCHI-30DEC25-B1,13,17,15,54,137
2025-12-28T12:06:41.825498+00:00,SNOWCHI-30DEC25-B2,21,25,23,148,343
2025-12-28T12:06:41.825498+00:00,SNOWCHI-30DEC25-B4,7,11,9,87,314
2025-12-28T12:06:41.825498+00:00,SNOWCHI-30DEC25-B6,11,15,13,185,483
2025-12-28T12:06:41.825498+00:00,SNOWNYC-29DEC25-B0,1,4,2,77,360
2025-12-28T12:06:41.825498+00:00,SNOWNYC-29DEC25-B1,27,31,29,85,299
2025-12-28T12:06:41.825498+00:00,SNOWNYC-29DEC25-B2,13,17,15,81,18
2025-12-28T12:06:41.825498+00:00,SNOWNYC-29DEC25-B4,8,12,10,177,380
2025-12-28T12:06:41.825498+00:00,SNOWNYC-29DEC25-B6,8,12,10,116,261
2025-12-28T12:06:41.825498+00:00,SNOWNYC-30DEC25-B0,33,37,35,91,488
2025-12-28T12:06:41.825498+00:00,SNOWNYC-30DEC25-B1,31,35,33,127,287
2025-12-28T12:06:41.825498+00:00,SNOWNYC-30DEC25-B2,17,21,19,16,21
2025-12-28T12:06:41.825498+00:00,SNOWNYC-30DEC25-B4,1,3,1,35,90
2025-12-28T12:06:41.825498+00:00,SNOWNYC-30DEC25-B6,5,9,7,188,362
2025-12-29T00:06:41.825498+00:00,HIGHCHI-29DEC25-T30,55,59,57,485,768
2025-12-29T00:06:41.825498+00:00,HIGHCHI-29DEC25-T35,23,27,25,481,1275
2025-12-29T00:06:41.825498+00:00,HIGHCHI-29DEC25-T40,2,6,4,349,244
2025-12-29T00:06:41.825498+00:00,HIGHCHI-29DEC25-T45,1,3,1,327,1496
2025-12-29T00:06:41.825498+00:00,HIGHCHI-29DEC25-T50,17,21,19,261,1607
2025-12-29T00:06:41.825498+00:00,HIGHDAL-29DEC25-T35,86,90,88,453,1504
2025-12-29T00:06:41.825498+00:00,HIGHDAL-29DEC25-T40,96,99,98,27,843
2025-12-29T00:06:41.825498+00:00,HIGHDAL-29DEC25-T45,89,93,91,126,638
2025-12-29T00:06:41.825498+00:00,HIGHDAL-29DEC25-T50,71,75,73,181,1948
2025-12-29T00:06:41.825498+00:00,HIGHDAL-29DEC25-T55,41,45,43,417,968
2025-12-29T00:06:41.825498+00:00,HIGHDAL-29DEC25-T60,1,3,1,429,410
2025-12-29T00:06:41.825498+00:00,HIGHDAL-29DEC25-T65,7,11,9,12,453
2025-12-29T00:06:41.825498+00:00,HIGHDAL-29DEC25-T70,1,3,1,162,555
2025-12-29T00:06:41.825498+00:00,HIGHDEN-29DEC25-T30,64,68,66,138,1153
2025-12-29T00:06:41.825498+00:00,HIGHDEN-29DEC25-T35,39,43,41,499,1501
2025-12-29T00:06:41.825498+00:00,HIGHDEN-29DEC25-T40,18,22,20,488,1695
2025-12-29T00:06:41.825498+00:00,HIGHDEN-29DEC25-T45,2,6,4,472,1009
2025-12-29T00:06:41.825498+00:00,HIGHDEN-29DEC25-T50,10,14,12,96,239
2025-12-29T00:06:41.825498+00:00,HIGHLA-29DEC25-T45,88,92,90,400,1796
2025-12-29T00:06:41.825498+00:00,HIGHLA-29DEC25-T50,87,91,89,255,669
2025-12-29T00:06:41.825498+00:00,HIGHLA-29DEC25-T55,83,87,85,26,609
2025-12-29T00:06:41.825498+00:00,HIGHLA-29DEC25-T60,76,80,78,127,516
2025-12-29T00:06:41.825498+00:00,HIGHLA-29DEC25-T65,22,26,24,213,1357
2025-12-29T00:06:41.825498+00:00,HIGHLA-29DEC25-T70,1,3,1,484,96
2025-12-29T00:06:41.825498+00:00,HIGHLA-29DEC25-T75,14,18,16,157,1183
2025-12-29T00:06:41.825498+00:00,HIGHLA-29DEC25-T80,1,4,2,379,959
2025-12-29T00:06:41.825498+00:00,HIGHMIA-29DEC25-T55,94,98,96,99,307
2025-12-29T00:06:41.825498+00:00,HIGHMIA-29DEC25-T60,91,95,93,36,1387
2025-12-29T00:06:41.825498+00:00,HIGHMIA-29DEC25-T65,96,99,98,495,293
2025-12-29T00:06:41.825498+00:00,HIGHMIA-29DEC25-T70,69,73,71,274,934
2025-12-29T00:06:41.825498+00:00,HIGHMIA-29DEC25-T75,51,55,53,110,1488
2025-12-29T00:06:41.825498+00:00,HIGHMIA-29DEC25-T80,1,5,3,135,1692
2025-12-29T00:06:41.825498+00:00,HIGHMIA-29DEC25-T85,1,4,2,397,1333
2025-12-29T00:06:41.825498+00:00,HIGHMIA-29DEC25-T90,1,3,1,183,262
2025-12-29T00:06:41.825498+00:00,HIGHNY-29DEC25-T30,96,99,98,160,1278
2025-12-29T00:06:41.825498+00:00,HIGHNY-29DEC25-T35,89,93,91,300,562
2025-12-29T00:06:41.825498+00:00,HIGHNY-29DEC25-T40,54,58,56,42,1430
2025-12-29T00:06:41.825498+00:00,HIGHNY-29DEC25-T45,26,30,28,59,673
2025-12-29T00:06:41.825498+00:00,HIGHNY-29DEC25-T50,11,15,13,374,660
2025-12-29T00:06:41.825498+00:00,HIGHNY-29DEC25-T55,22,26,24,149,1033
2025-12-29T00:06:41.825498+00:00,HIGHNY-29DEC25-T60,1,4,2,296,1170
2025-12-29T00:06:41.825498+00:00,SNOWBOS-29DEC25-B0,6,10,8,7,497
2025-12-29T00:06:41.825498+00:00,SNOWBOS-29DEC25-B1,27,31,29,109,414
2025-12-29T00:06:41.825498+00:00,SNOWBOS-29DEC25-B2,1,5,3,22,65
2025-12-29T00:06:41.825498+00:00,SNOWBOS-29DEC25-B4,27,31,29,133,295
2025-12-29T00:06:41.825498+00:00,SNOWBOS-29DEC25-B6,1,5,3,187,82
2025-12-29T00:06:41.825498+00:00,SNOWCHI-29DEC25-B0,5,9,7,190,209
2025-12-29T00:06:41.825498+00:00,SNOWCHI-29DEC25-B1,28,32,30,23,191
2025-12-29T00:06:41.825498+00:00,SNOWCHI-29DEC25-B2,17,21,19,69,164
2025-12-29T00:06:41.825498+00:00,SNOWCHI-29DEC25-B4,1,4,2,35,165
2025-12-29T00:06:41.825498+00:00,SNOWCHI-29DEC25-B6,1,4,2,102,173
2025-12-29T00:06:41.825498+00:00,SNOWNYC-29DEC25-B0,1,5,3,21,344
2025-12-29T00:06:41.825498+00:00,SNOWNYC-29DEC25-B1,24,28,26,25,468
2025-12-29T00:06:41.825498+00:00,SNOWNYC-29DEC25-B2,13,17,15,54,310
2025-12-29T00:06:41.825498+00:00,SNOWNYC-29DEC25-B4,8,12,10,21,266
2025-12-29T00:06:41.825498+00:00,SNOWNYC-29DEC25-B6,10,14,12,59,192
2025-12-29T06:06:41.825498+00:00,HIGHCHI-29DEC25-T30,54,58,56,265,842
2025-12-29T06:06:41.825498+00:00,HIGHCHI-29DEC25-T35,21,25,23,320,1534
2025-12-29T06:06:41.825498+00:00,HIGHCHI-29DEC25-T40,1,4,2,412,1860
2025-12-29T06:06:41.825498+00:00,HIGHCHI-29DEC25-T45,1,4,2,80,1702
2025-12-29T06:06:41.825498+00:00,HIGHCHI-29DEC25-T50,17,21,19,439,1526
2025-12-29T06:06:41.825498+00:00,HIGHDAL-29DEC25-T35,86,90,88,396,251
2025-12-29T06:06:41.825498+00:00,HIGHDAL-29DEC25-T40,96,99,98,229,499
2025-12-29T06:06:41.825498+00:00,HIGHDAL-29DEC25-T45,88,92,90,453,313
2025-12-29T06:06:41.825498+00:00,HIGHDAL-29DEC25-T50,72,76,74,334,1394
2025-12-29T06:06:41.825498+00:00,HIGHDAL-29DEC25-T55,41,45,43,473,138
2025-12-29T06:06:41.825498+00:00,HIGHDAL-29DEC25-T60,1,4,2,31,569
2025-12-29T06:06:41.825498+00:00,HIGHDAL-29DEC25-T65,9,13,11,484,409
2025-12-29T06:06:41.825498+00:00,HIGHDAL-29DEC25-T70,1,4,2,189,1070
2025-12-29T06:06:41.825498+00:00,HIGHDEN-29DEC25-T30,64,68,66,218,624
2025-12-29T06:06:41.825498+00:00,HIGHDEN-29DEC25-T35,39,43,41,91,1520
2025-12-29T06:06:41.825498+00:00,HIGHDEN-29DEC25-T40,18,22,20,216,301
2025-12-29T06:06:41.825498+00:00,HIGHDEN-29DEC25-T45,2,6,4,277,1149
2025-12-29T06:06:41.825498+00:00,HIGHDEN-29DEC25-T50,11,15,13,128,413
2025-12-29T06:06:41.825498+00:00,HIGHLA-29DEC25-T45,88,92,90,374,1414
2025-12-29T06:06:41.825498+00:00,HIGHLA-29DEC25-T50,87,91,89,250,734
2025-12-29T06:06:41.825498+00:00,HIGHLA-29DEC25-T55,83,87,85,494,1482
2025-12-29T06:06:41.825498+00:00,HIGHLA-29DEC25-T60,75,79,77,30,1391
2025-12-29T06:06:41.825498+00:00,HIGHLA-29DEC25-T65,24,28,26,483,1823
2025-12-29T06:06:41.825498+00:00,HIGHLA-29DEC25-T70,1,4,2,472,1907
2025-12-29T06:06:41.825498+00:00,HIGHLA-29DEC25-T75,14,18,16,313,239
2025-12-29T06:06:41.825498+00:00,HIGHLA-29DEC25-T80,1,4,2,336,546
2025-12-29T06:06:41.825498+00:00,HIGHMIA-29DEC25-T55,93,97,95,8,554
2025-12-29T06:06:41.825498+00:00,HIGHMIA-29DEC25-T60,91,95,93,212,1425
2025-12-29T06:06:41.825498+00:00,HIGHMIA-29DEC25-T65,96,99,98,315,785
2025-12-29T06:06:41.825498+00:00,HIGHMIA-29DEC25-T70,70,74,72,474,1175
2025-12-29T06:06:41.825498+00:00,HIGHMIA-29DEC25-T75,50,54,52,266,932
2025-12-29T06:06:41.825498+00:00,HIGHMIA-29DEC25-T80,1,5,3,42,112
2025-12-29T06:06:41.825498+00:00,HIGHMIA-29DEC25-T85,1,4,2,220,786
2025-12-29T06:06:41.825498+00:00,HIGHMIA-29DEC25-T90,1,4,2,275,280
2025-12-29T06:06:41.825498+00:00,HIGHNY-29DEC25-T30,96,99,98,278,211
2025-12-29T06:06:41.825498+00:00,HIGHNY-29DEC25-T35,88,92,90,338,451
2025-12-29T06:06:41.825498+00:00,HIGHNY-29DEC25-T40,54,58,56,35,343
2025-12-29T06:06:41.825498+00:00,HIGHNY-29DEC25-T45,26,30,28,128,975
2025-12-29T06:06:41.825498+00:00,HIGHNY-29DEC25-T50,9,13,11,102,1582
2025-12-29T06:06:41.825498+00:00,HIGHNY-29DEC25-T55,22,26,24,310,1827
2025-12-29T06:06:41.825498+00:00,HIGHNY-29DEC25-T60,1,4,2,104,762
2025-12-29T06:06:41.825498+00:00,SNOWBOS-29DEC25-B0,6,10,8,54,234
2025-12-29T06:06:41.825498+00:00,SNOWBOS-29DEC25-B1,27,31,29,154,255
2025-12-29T06:06:41.825498+00:00,SNOWBOS-29DEC25-B2,1,5,3,91,95
2025-12-29T06:06:41.825498+00:00,SNOWBOS-29DEC25-B4,27,31,29,115,201
2025-12-29T06:06:41.825498+00:00,SNOWBOS-29DEC25-B6,1,5,3,53,276
2025-12-29T06:06:41.825498+00:00,SNOWCHI-29DEC25-B0,4,8,6,2,492
2025-12-29T06:06:41.825498+00:00,SNOWCHI-29DEC25-B1,28,32,30,84,452
2025-12-29T06:06:41.825498+00:00,SNOWCHI-29DEC25-B2,17,21,19,43,232
2025-12-29T06:06:41.825498+00:00,SNOWCHI-29DEC25-B4,1,4,2,159,204
2025-12-29T06:06:41.825498+00:00,SNOWCHI-29DEC25-B6,1,4,2,126,304
2025-12-29T06:06:41.825498+00:00,SNOWNYC-29DEC25-B0,1,4,2,9,57
2025-12-29T06:06:41.825498+00:00,SNOWNYC-29DEC25-B1,25,29,27,55,471
2025-12-29T06:06:41.825498+00:00,SNOWNYC-29DEC25-B2,13,17,15,102,485
2025-12-29T06:06:41.825498+00:00,SNOWNYC-29DEC25-B4,8,12,10,26,233
2025-12-29T06:06:41.825498+00:00,SNOWNYC-29DEC25-B6,9,13,11,48,358
2025-12-29T10:06:41.825498+00:00,HIGHCHI-29DEC25-T30,54,58,56,261,102
2025-12-29T10:06:41.825498+00:00,HIGHCHI-29DEC25-T35,21,25,23,436,632
2025-12-29T10:06:41.825498+00:00,HIGHCHI-29DEC25-T40,1,4,2,376,1806
2025-12-29T10:06:41.825498+00:00,HIGHCHI-29DEC25-T45,1,4,2,353,516
2025-12-29T10:06:41.825498+00:00,HIGHCHI-29DEC25-T50,17,21,19,377,147
2025-12-29T10:06:41.825498+00:00,HIGHDAL-29DEC25-T35,86,90,88,319,1588
2025-12-29T10:06:41.825498+00:00,HIGHDAL-29DEC25-T40,96,99,98,402,135
2025-12-29T10:06:41.825498+00:00,HIGHDAL-29DEC25-T45,89,93,91,216,635
2025-12-29T10:06:41.825498+00:00,HIGHDAL-29DEC25-T50,72,76,74,361,872
2025-12-29T10:06:41.825498+00:00,HIGHDAL-29DEC25-T55,41,45,43,290,1105
2025-12-29T10:06:41.825498+00:00,HIGHDAL-29DEC25-T60,1,4,2,25,1809
2025-12-29T10:06:41.825498+00:00,HIGHDAL-29DEC25-T65,8,12,10,391,1000
2025-12-29T10:06:41.825498+00:00,HIGHDAL-29DEC25-T70,1,4,2,416,1499
2025-12-29T10:06:41.825498+00:00,HIGHDEN-29DEC25-T30,64,68,66,83,421
2025-12-29T10:06:41.825498+00:00,HIGHDEN-29DEC25-T35,39,43,41,412,741
2025-12-29T10:06:41.825498+00:00,HIGHDEN-29DEC25-T40,18,22,20,436,1311
2025-12-29T10:06:41.825498+00:00,HIGHDEN-29DEC25-T45,2,6,4,215,44
2025-12-29T10:06:41.825498+00:00,HIGHDEN-29DEC25-T50,11,15,13,322,1098
2025-12-29T10:06:41.825498+00:00,HIGHLA-29DEC25-T45,88,92,90,317,1011
2025-12-29T10:06:41.825498+00:00,HIGHLA-29DEC25-T50,87,91,89,374,580
2025-12-29T10:06:41.825498+00:00,HIGHLA-29DEC25-T55,83,87,85,340,545
2025-12-29T10:06:41.825498+00:00,HIGHLA-29DEC25-T60,75,79,77,124,127
2025-12-29T10:06:41.825498+00:00,HIGHLA-29DEC25-T65,24,28,26,107,1568
2025-12-29T10:06:41.825498+00:00,HIGHLA-29DEC25-T70,1,4,2,95,1932
2025-12-29T10:06:41.825498+00:00,HIGHLA-29DEC25-T75,14,18,16,237,1333
2025-12-29T10:06:41.825498+00:00,HIGHLA-29DEC25-T80,1,4,2,177,1639
2025-12-29T10:06:41.825498+00:00,HIGHMIA-29DEC25-T55,94,98,96,201,502
2025-12-29T10:06:41.825498+00:00,HIGHMIA-29DEC25-T60,91,95,93,262,1910
2025-12-29T10:06:41.825498+00:00,HIGHMIA-29DEC25-T65,96,99,98,217,1457
2025-12-29T10:06:41.825498+00:00,HIGHMIA-29DEC25-T70,70,74,72,62,146
2025-12-29T10:06:41.825498+00:00,HIGHMIA-29DEC25-T75,50,54,52,419,133
2025-12-29T10:06:41.825498+00:00,HIGHMIA-29DEC25-T80,1,5,3,221,725
2025-12-29T10:06:41.825498+00:00,HIGHMIA-29DEC25-T85,1,4,2,461,803
2025-12-29T10:06:41.825498+00:00,HIGHMIA-29DEC25-T90,1,4,2,377,476
2025-12-29T10:06:41.825498+00:00,HIGHNY-29DEC25-T30,96,99,98,487,1209
2025-12-29T10:06:41.825498+00:00,HIGHNY-29DEC25-T35,88,92,90,332,82
2025-12-29T10:06:41.825498+00:00,HIGHNY-29DEC25-T40,54,58,56,109,716
2025-12-29T10:06:41.825498+00:00,HIGHNY-29DEC25-T45,26,30,28,77,218
2025-12-29T10:06:41.825498+00:00,HIGHNY-29DEC25-T50,10,14,12,244,1041
2025-12-29T10:06:41.825498+00:00,HIGHNY-29DEC25-T55,22,26,24,151,1119
2025-12-29T10:06:41.825498+00:00,HIGHNY-29DEC25-T60,1,4,2,263,942
2025-12-29T10:06:41.825498+00:00,SNOWBOS-29DEC25-B0,6,10,8,75,435
2025-12-29T10:06:41.825498+00:00,SNOWBOS-29DEC25-B1,27,31,29,150,215
2025-12-29T10:06:41.825498+00:00,SNOWBOS-29DEC25-B2,1,5,3,166,323
2025-12-29T10:06:41.825498+00:00,SNOWBOS-29DEC25-B4,27,31,29,101,247
2025-12-29T10:06:41.825498+00:00,SNOWBOS-29DEC25-B6,1,5,3,124,188
2025-12-29T10:06:41.825498+00:00,SNOWCHI-29DEC25-B0,4,8,6,79,237
2025-12-29T10:06:41.825498+00:00,SNOWCHI-29DEC25-B1,28,32,30,99,16
2025-12-29T10:06:41.825498+00:00,SNOWCHI-29DEC25-B2,17,21,19,71,225
2025-12-29T10:06:41.825498+00:00,SNOWCHI-29DEC25-B4,1,4,2,85,235
2025-12-29T10:06:41.825498+00:00,SNOWCHI-29DEC25-B6,1,4,2,63,176
2025-12-29T10:06:41.825498+00:00,SNOWNYC-29DEC25-B0,1,4,2,104,204
2025-12-29T10:06:41.825498+00:00,SNOWNYC-29DEC25-B1,25,29,27,178,464
2025-12-29T10:06:41.825498+00:00,SNOWNYC-29DEC25-B2,13,17,15,20,163
2025-12-29T10:06:41.825498+00:00,SNOWNYC-29DEC25-B4,8,12,10,60,439
2025-12-29T10:06:41.825498+00:00,SNOWNYC-29DEC25-B6,9,13,11,150,348
2025-12-29T12:06:41.825498+00:00,HIGHCHI-30DEC25-T30,63,67,65,104,1689
2025-12-29T12:06:41.825498+00:00,HIGHCHI-30DEC25-T35,17,21,19,145,480
2025-12-29T12:06:41.825498+00:00,HIGHCHI-30DEC25-T40,1,3,1,394,1492
2025-12-29T12:06:41.825498+00:00,HIGHCHI-30DEC25-T45,1,5,3,65,1608
2025-12-29T12:06:41.825498+00:00,HIGHCHI-30DEC25-T50,1,5,3,277,595
2025-12-29T12:06:41.825498+00:00,HIGHCHI-31DEC25-T30,52,56,54,202,121
2025-12-29T12:06:41.825498+00:00,HIGHCHI-31DEC25-T35,28,32,30,336,374
2025-12-29T12:06:41.825498+00:00,HIGHCHI-31DEC25-T40,3,7,5,159,1406
2025-12-29T12:06:41.825498+00:00,HIGHCHI-31DEC25-T45,1,3,1,177,586
2025-12-29T12:06:41.825498+00:00,HIGHDAL-30DEC25-T35,97,99,99,81,386
2025-12-29T12:06:41.825498+00:00,HIGHDAL-30DEC25-T40,89,93,91,262,1398
2025-12-29T12:06:41.825498+00:00,HIGHDAL-30DEC25-T45,96,99,98,293,1626
2025-12-29T12:06:41.825498+00:00,HIGHDAL-30DEC25-T50,84,88,86,282,729
2025-12-29T12:06:41.825498+00:00,HIGHDAL-30DEC25-T55,36,40,38,35,311
2025-12-29T12:06:41.825498+00:00,HIGHDAL-30DEC25-T60,10,14,12,308,1182
2025-12-29T12:06:41.825498+00:00,HIGHDAL-30DEC25-T65,1,4,2,404,1597
2025-12-29T12:06:41.825498+00:00,HIGHDAL-30DEC25-T70,5,9,7,418,1425
2025-12-29T12:06:41.825498+00:00,HIGHDAL-31DEC25-T30,87,91,89,455,1737
2025-12-29T12:06:41.825498+00:00,HIGHDAL-31DEC25-T35,96,99,98,494,1391
2025-12-29T12:06:41.825498+00:00,HIGHDAL-31DEC25-T40,86,90,88,10,1337
2025-12-29T12:06:41.825498+00:00,HIGHDAL-31DEC25-T45,55,59,57,423,501
2025-12-29T12:06:41.825498+00:00,HIGHDAL-31DEC25-T50,42,46,44,5,1711
2025-12-29T12:06:41.825498+00:00,HIGHDAL-31DEC25-T55,20,24,22,174,1167
2025-12-29T12:06:41.825498+00:00,HIGHDAL-31DEC25-T60,2,6,4,59,113
2025-12-29T12:06:41.825498+00:00,HIGHDAL-31DEC25-T65,5,9,7,178,240
2025-12-29T12:06:41.825498+00:00,HIGHDEN-30DEC25-T30,92,96,94,212,1770
2025-12-29T12:06:41.825498+00:00,HIGHDEN-30DEC25-T35,50,54,52,335,192
2025-12-29T12:06:41.825498+00:00,HIGHDEN-30DEC25-T40,7,11,9,478,1195
2025-12-29T12:06:41.825498+00:00,HIGHDEN-30DEC25-T45,3,7,5,130,1345
2025-12-29T12:06:41.825498+00:00,HIGHDEN-30DEC25-T50,6,10,8,188,1002
2025-12-29T12:06:41.825498+00:00,HIGHDEN-30DEC25-T55,4,8,6,397,1216
2025-12-29T12:06:41.825498+00:00,HIGHDEN-31DEC25-T30,60,64,62,288,1935
2025-12-29T12:06:41.825498+00:00,HIGHDEN-31DEC25-T35,58,62,60,263,1825
2025-12-29T12:06:41.825498+00:00,HIGHDEN-31DEC25-T40,24,28,26,445,662
2025-12-29T12:06:41.825498+00:00,HIGHDEN-31DEC25-T45,13,17,15,360,1324
2025-12-29T12:06:41.825498+00:00,HIGHDEN-31DEC25-T50,1,3,1,272,238
2025-12-29T12:06:41.825498+00:00,HIGHLA-30DEC25-T50,92,96,94,69,1456
2025-12-29T12:06:41.825498+00:00,HIGHLA-30DEC25-T55,82,86,84,411,1822
2025-12-29T12:06:41.825498+00:00,HIGHLA-30DEC25-T60,75,79,77,188,1761
2025-12-29T12:06:41.825498+00:00,HIGHLA-30DEC25-T65,50,54,52,354,1581
2025-12-29T12:06:41.825498+00:00,HIGHLA-30DEC25-T70,29,33,31,337,638
2025-12-29T12:06:41.825498+00:00,HIGHLA-30DEC25-T75,8,12,10,224,1362
2025-12-29T12:06:41.825498+00:00,HIGHLA-30DEC25-T80,1,3,1,72,998
2025-12-29T12:06:41.825498+00:00,HIGHLA-30DEC25-T85,14,18,16,89,921
2025-12-29T12:06:41.825498+00:00,HIGHLA-31DEC25-T50,86,90,88,340,1038
2025-12-29T12:06:41.825498+00:00,HIGHLA-31DEC25-T55,92,96,94,486,1395
2025-12-29T12:06:41.825498+00:00,HIGHLA-31DEC25-T60,97,99,99,340,202
2025-12-29T12:06:41.825498+00:00,HIGHLA-31DEC25-T65,67,71,69,488,1291
2025-12-29T12:06:41.825498+00:00,HIGHLA-31DEC25-T70,16,20,18,469,957
2025-12-29T12:06:41.825498+00:00,HIGHLA-31DEC25-T75,2,6,4,396,344
2025-12-29T12:06:41.825498+00:00,HIGHLA-31DEC25-T80,10,14,12,461,679
2025-12-29T12:06:41.825498+00:00,HIGHLA-31DEC25-T85,12,16,14,426,113
2025-12-29T12:06:41.825498+00:00,HIGHMIA-30DEC25-T55,93,97,95,131,587
2025-12-29T12:06:41.825498+00:00,HIGHMIA-30DEC25-T60,96,99,98,335,131
2025-12-29T12:06:41.825498+00:00,HIGHMIA-30DEC25-T65,92,96,94,192,1138
2025-12-29T12:06:41.825498+00:00,HIGHMIA-30DEC25-T70,77,81,79,369,1046
2025-12-29T12:06:41.825498+00:00,HIGHMIA-30DEC25-T75,33,37,35,329,1583
2025-12-29T12:06:41.825498+00:00,HIGHMIA-30DEC25-T80,9,13,11,346,1538
2025-12-29T12:06:41.825498+00:00,HIGHMIA-30DEC25-T85,3,7,5,142,1521
2025-12-29T12:06:41.825498+00:00,HIGHMIA-30DEC25-T90,10,14,12,444,1180
2025-12-29T12:06:41.825498+00:00,HIGHMIA-31DEC25-T55,84,88,86,14,487
2025-12-29T12:06:41.825498+00:00,HIGHMIA-31DEC25-T60,92,96,94,309,118
2025-12-29T12:06:41.825498+00:00,HIGHMIA-31DEC25-T65,97,99,99,343,226
2025-12-29T12:06:41.825498+00:00,HIGHMIA-31DEC25-T70,58,62,60,403,558
2025-12-29T12:06:41.825498+00:00,HIGHMIA-31DEC25-T75,12,16,14,469,246
2025-12-29T12:06:41.825498+00:00,HIGHMIA-31DEC25-T80,19,23,21,30,224
2025-12-29T12:06:41.825498+00:00,HIGHMIA-31DEC25-T85,1,4,2,173,752
2025-12-29T12:06:41.825498+00:00,HIGHMIA-31DEC25-T90,2,6,4,337,1834
2025-12-29T12:06:41.825498+00:00,HIGHNY-30DEC25-T30,86,90,88,439,722
2025-12-29T12:06:41.825498+00:00,HIGHNY-30DEC25-T35,47,51,49,332,1366
2025-12-29T12:06:41.825498+00:00,HIGHNY-30DEC25-T40,7,11,9,192,687
2025-12-29T12:06:41.825498+00:00,HIGHNY-30DEC25-T45,3,7,5,421,1399
2025-12-29T12:06:41.825498+00:00,HIGHNY-30DEC25-T50,2,6,4,201,886
2025-12-29T12:06:41.825498+00:00,HIGHNY-31DEC25-T30,76,80,78,56,1914
2025-12-29T12:06:41.825498+00:00,HIGHNY-31DEC25-T35,49,53,51,78,1286
2025-12-29T12:06:41.825498+00:00,HIGHNY-31DEC25-T40,29,33,31,148,1746
2025-12-29T12:06:41.825498+00:00,HIGHNY-31DEC25-T45,1,3,1,231,452
2025-12-29T12:06:41.825498+00:00,HIGHNY-31DEC25-T50,5,9,7,296,79
2025-12-29T12:06:41.825498+00:00,HIGHNY-31DEC25-T55,1,3,1,68,1415
2025-12-29T12:06:41.825498+00:00,SNOWBOS-30DEC25-B0,96,99,98,21,252
2025-12-29T12:06:41.825498+00:00,SNOWBOS-30DEC25-B1,30,34,32,58,438
2025-12-29T12:06:41.825498+00:00,SNOWBOS-30DEC25-B2,14,18,16,138,361
2025-12-29T12:06:41.825498+00:00,SNOWBOS-30DEC25-B4,1,4,2,43,118
2025-12-29T12:06:41.825498+00:00,SNOWBOS-30DEC25-B6,1,3,1,71,276
2025-12-29T12:06:41.825498+00:00,SNOWBOS-31DEC25-B0,97,99,99,73,401
2025-12-29T12:06:41.825498+00:00,SNOWBOS-31DEC25-B1,96,99,98,142,457
2025-12-29T12:06:41.825498+00:00,SNOWBOS-31DEC25-B2,94,98,96,37,92
2025-12-29T12:06:41.825498+00:00,SNOWBOS-31DEC25-B4,93,97,95,172,44
2025-12-29T12:06:41.825498+00:00,SNOWBOS-31DEC25-B6,62,66,64,178,309
2025-12-29T12:06:41.825498+00:00,SNOWCHI-30DEC25-B0,19,23,21,20,131
2025-12-29T12:06:41.825498+00:00,SNOWCHI-30DEC25-B1,21,25,23,28,378
2025-12-29T12:06:41.825498+00:00,SNOWCHI-30DEC25-B2,24,28,26,116,47
2025-12-29T12:06:41.825498+00:00,SNOWCHI-30DEC25-B4,13,17,15,181,25
2025-12-29T12:06:41.825498+00:00,SNOWCHI-30DEC25-B6,1,4,2,73,162
2025-12-29T12:06:41.825498+00:00,SNOWCHI-31DEC25-B0,9,13,11,193,326
2025-12-29T12:06:41.825498+00:00,SNOWCHI-31DEC25-B1,43,47,45,99,141
2025-12-29T12:06:41.825498+00:00,SNOWCHI-31DEC25-B2,12,16,14,43,499
2025-12-29T12:06:41.825498+00:00,SNOWCHI-31DEC25-B4,1,3,1,192,361
2025-12-29T12:06:41.825498+00:00,SNOWCHI-31DEC25-B6,4,8,6,111,171
2025-12-29T12:06:41.825498+00:00,SNOWNYC-30DEC25-B0,30,34,32,46,131
2025-12-29T12:06:41.825498+00:00,SNOWNYC-30DEC25-B1,25,29,27,24,38
2025-12-29T12:06:41.825498+00:00,SNOWNYC-30DEC25-B2,23,27,25,37,406
2025-12-29T12:06:41.825498+00:00,SNOWNYC-30DEC25-B4,1,4,2,164,259
2025-12-29T12:06:41.825498+00:00,SNOWNYC-30DEC25-B6,1,4,2,1,495
2025-12-29T12:06:41.825498+00:00,SNOWNYC-31DEC25-B0,1,3,1,116,62
2025-12-29T12:06:41.825498+00:00,SNOWNYC-31DEC25-B1,30,34,32,176,170
2025-12-29T12:06:41.825498+00:00,SNOWNYC-31DEC25-B2,5,9,7,140,388
2025-12-29T12:06:41.825498+00:00,SNOWNYC-31DEC25-B4,3,7,5,42,309
2025-12-29T12:06:41.825498+00:00,SNOWNYC-31DEC25-B6,1,5,3,19,411
2025-12-30T00:06:41.825498+00:00,HIGHCHI-30DEC25-T30,61,65,63,201,1993
2025-12-30T00:06:41.825498+00:00,HIGHCHI-30DEC25-T35,16,20,18,280,611
2025-12-30T00:06:41.825498+00:00,HIGHCHI-30DEC25-T40,1,4,2,230,1138
2025-12-30T00:06:41.825498+00:00,HIGHCHI-30DEC25-T45,1,3,1,420,505
2025-12-30T00:06:41.825498+00:00,HIGHCHI-30DEC25-T50,1,3,1,310,1123
2025-12-30T00:06:41.825498+00:00,HIGHDAL-30DEC25-T35,97,99,99,288,1664
2025-12-30T00:06:41.825498+00:00,HIGHDAL-30DEC25-T40,89,93,91,416,1076
2025-12-30T00:06:41.825498+00:00,HIGHDAL-30DEC25-T45,96,99,98,242,774
2025-12-30T00:06:41.825498+00:00,HIGHDAL-30DEC25-T50,79,83,81,9,1967
2025-12-30T00:06:41.825498+00:00,HIGHDAL-30DEC25-T55,36,40,38,476,494
2025-12-30T00:06:41.825498+00:00,HIGHDAL-30DEC25-T60,11,15,13,71,504
2025-12-30T00:06:41.825498+00:00,HIGHDAL-30DEC25-T65,1,4,2,89,940
2025-12-30T00:06:41.825498+00:00,HIGHDAL-30DEC25-T70,4,8,6,313,102
2025-12-30T00:06:41.825498+00:00,HIGHDEN-30DEC25-T30,92,96,94,236,1158
2025-12-30T00:06:41.825498+00:00,HIGHDEN-30DEC25-T35,53,57,55,303,1220
2025-12-30T00:06:41.825498+00:00,HIGHDEN-30DEC25-T40,7,11,9,226,1702
2025-12-30T00:06:41.825498+00:00,HIGHDEN-30DEC25-T45,1,4,2,156,1041
2025-12-30T00:06:41.825498+00:00,HIGHDEN-30DEC25-T50,2,6,4,283,1620
2025-12-30T00:06:41.825498+00:00,HIGHDEN-30DEC25-T55,1,5,3,124,346
2025-12-30T00:06:41.825498+00:00,HIGHLA-30DEC25-T50,95,99,97,369,679
2025-12-30T00:06:41.825498+00:00,HIGHLA-30DEC25-T55,83,87,85,388,589
2025-12-30T00:06:41.825498+00:00,HIGHLA-30DEC25-T60,78,82,80,116,899
2025-12-30T00:06:41.825498+00:00,HIGHLA-30DEC25-T65,51,55,53,406,1733
2025-12-30T00:06:41.825498+00:00,HIGHLA-30DEC25-T70,27,31,29,145,211
2025-12-30T00:06:41.825498+00:00,HIGHLA-30DEC25-T75,10,14,12,114,996
2025-12-30T00:06:41.825498+00:00,HIGHLA-30DEC25-T80,1,5,3,379,1670
2025-12-30T00:06:41.825498+00:00,HIGHLA-30DEC25-T85,13,17,15,388,330
2025-12-30T00:06:41.825498+00:00,HIGHMIA-30DEC25-T55,96,99,98,335,192
2025-12-30T00:06:41.825498+00:00,HIGHMIA-30DEC25-T60,97,99,99,406,1858
2025-12-30T00:06:41.825498+00:00,HIGHMIA-30DEC25-T65,89,93,91,354,373
2025-12-30T00:06:41.825498+00:00,HIGHMIA-30DEC25-T70,78,82,80,397,870
2025-12-30T00:06:41.825498+00:00,HIGHMIA-30DEC25-T75,35,39,37,432,1350
2025-12-30T00:06:41.825498+00:00,HIGHMIA-30DEC25-T80,9,13,11,341,1536
2025-12-30T00:06:41.825498+00:00,HIGHMIA-30DEC25-T85,1,5,3,458,261
2025-12-30T00:06:41.825498+00:00,HIGHMIA-30DEC25-T90,10,14,12,90,773
2025-12-30T00:06:41.825498+00:00,HIGHNY-30DEC25-T30,81,85,83,89,1924
2025-12-30T00:06:41.825498+00:00,HIGHNY-30DEC25-T35,45,49,47,319,1828
2025-12-30T00:06:41.825498+00:00,HIGHNY-30DEC25-T40,9,13,11,348,1786
2025-12-30T00:06:41.825498+00:00,HIGHNY-30DEC25-T45,1,4,2,319,1228
2025-12-30T00:06:41.825498+00:00,HIGHNY-30DEC25-T50,2,6,4,360,1902
2025-12-30T00:06:41.825498+00:00,SNOWBOS-30DEC25-B0,96,99,98,30,167
2025-12-30T00:06:41.825498+00:00,SNOWBOS-30DEC25-B1,31,35,33,69,298
2025-12-30T00:06:41.825498+00:00,SNOWBOS-30DEC25-B2,16,20,18,122,303
2025-12-30T00:06:41.825498+00:00,SNOWBOS-30DEC25-B4,1,4,2,50,74
2025-12-30T00:06:41.825498+00:00,SNOWBOS-30DEC25-B6,1,4,2,118,479
2025-12-30T00:06:41.825498+00:00,SNOWCHI-30DEC25-B0,21,25,23,89,173
2025-12-30T00:06:41.825498+00:00,SNOWCHI-30DEC25-B1,20,24,22,1,34
2025-12-30T00:06:41.825498+00:00,SNOWCHI-30DEC25-B2,24,28,26,9,160
2025-12-30T00:06:41.825498+00:00,SNOWCHI-30DEC25-B4,8,12,10,111,492
2025-12-30T00:06:41.825498+00:00,SNOWCHI-30DEC25-B6,1,4,2,61,59
2025-12-30T00:06:41.825498+00:00,SNOWNYC-30DEC25-B0,26,30,28,152,172
2025-12-30T00:06:41.825498+00:00,SNOWNYC-30DEC25-B1,27,31,29,60,318
2025-12-30T00:06:41.825498+00:00,SNOWNYC-30DEC25-B2,22,26,24,29,443
2025-12-30T00:06:41.825498+00:00,SNOWNYC-30DEC25-B4,1,3,1,167,172
2025-12-30T00:06:41.825498+00:00,SNOWNYC-30DEC25-B6,1,4,2,180,495
2025-12-30T06:06:41.825498+00:00,HIGHCHI-30DEC25-T30,61,65,63,214,1422
2025-12-30T06:06:41.825498+00:00,HIGHCHI-30DEC25-T35,17,21,19,385,1602
2025-12-30T06:06:41.825498+00:00,HIGHCHI-30DEC25-T40,1,4,2,381,1719
2025-12-30T06:06:41.825498+00:00,HIGHCHI-30DEC25-T45,1,4,2,357,738
2025-12-30T06:06:41.825498+00:00,HIGHCHI-30DEC25-T50,1,4,2,154,612
2025-12-30T06:06:41.825498+00:00,HIGHDAL-30DEC25-T35,96,99,98,472,1482
2025-12-30T06:06:41.825498+00:00,HIGHDAL-30DEC25-T40,89,93,91,28,1973
2025-12-30T06:06:41.825498+00:00,HIGHDAL-30DEC25-T45,96,99,98,307,1030
2025-12-30T06:06:41.825498+00:00,HIGHDAL-30DEC25-T50,80,84,82,176,22
2025-12-30T06:06:41.825498+00:00,HIGHDAL-30DEC25-T55,36,40,38,464,1751
2025-12-30T06:06:41.825498+00:00,HIGHDAL-30DEC25-T60,10,14,12,154,554
2025-12-30T06:06:41.825498+00:00,HIGHDAL-30DEC25-T65,1,4,2,243,663
2025-12-30T06:06:41.825498+00:00,HIGHDAL-30DEC25-T70,4,8,6,115,1731
2025-12-30T06:06:41.825498+00:00,HIGHDEN-30DEC25-T30,92,96,94,241,228
2025-12-30T06:06:41.825498+00:00,HIGHDEN-30DEC25-T35,52,56,54,16,152
2025-12-30T06:06:41.825498+00:00,HIGHDEN-30DEC25-T40,7,11,9,200,1419
2025-12-30T06:06:41.825498+00:00,HIGHDEN-30DEC25-T45,1,4,2,36,199
2025-12-30T06:06:41.825498+00:00,HIGHDEN-30DEC25-T50,1,5,3,262,678
2025-12-30T06:06:41.825498+00:00,HIGHDEN-30DEC25-T55,1,5,3,141,1112
2025-12-30T06:06:41.825498+00:00,HIGHLA-30DEC25-T50,95,99,97,429,526
2025-12-30T06:06:41.825498+00:00,HIGHLA-30DEC25-T55,83,87,85,360,1937
2025-12-30T06:06:41.825498+00:00,HIGHLA-30DEC25-T60,77,81,79,427,453
2025-12-30T06:06:41.825498+00:00,HIGHLA-30DEC25-T65,51,55,53,240,53
2025-12-30T06:06:41.825498+00:00,HIGHLA-30DEC25-T70,27,31,29,340,758
2025-12-30T06:06:41.825498+00:00,HIGHLA-30DEC25-T75,10,14,12,44,291
2025-12-30T06:06:41.825498+00:00,HIGHLA-30DEC25-T80,1,4,2,57,231
2025-12-30T06:06:41.825498+00:00,HIGHLA-30DEC25-T85,13,17,15,475,863
2025-12-30T06:06:41.825498+00:00,HIGHMIA-30DEC25-T55,96,99,98,374,1264
2025-12-30T06:06:41.825498+00:00,HIGHMIA-30DEC25-T60,96,99,98,202,250
2025-12-30T06:06:41.825498+00:00,HIGHMIA-30DEC25-T65,90,94,92,399,169
2025-12-30T06:06:41.825498+00:00,HIGHMIA-30DEC25-T70,78,82,80,332,1118
2025-12-30T06:06:41.825498+00:00,HIGHMIA-30DEC25-T75,35,39,37,362,915
2025-12-30T06:06:41.825498+00:00,HIGHMIA-30DEC25-T80,9,13,11,75,1456
2025-12-30T06:06:41.825498+00:00,HIGHMIA-30DEC25-T85,1,4,2,418,899
2025-12-30T06:06:41.825498+00:00,HIGHMIA-30DEC25-T90,10,14,12,462,1195
2025-12-30T06:06:41.825498+00:00,HIGHNY-30DEC25-T30,82,86,84,384,519
2025-12-30T06:06:41.825498+00:00,HIGHNY-30DEC25-T35,45,49,47,106,940
2025-12-30T06:06:41.825498+00:00,HIGHNY-30DEC25-T40,9,13,11,255,1100
2025-12-30T06:06:41.825498+00:00,HIGHNY-30DEC25-T45,1,4,2,48,1396
2025-12-30T06:06:41.825498+00:00,HIGHNY-30DEC25-T50,2,6,4,335,1926
2025-12-30T06:06:41.825498+00:00,SNOWBOS-30DEC25-B0,96,99,98,170,145
2025-12-30T06:06:41.825498+00:00,SNOWBOS-30DEC25-B1,30,34,32,171,59
2025-12-30T06:06:41.825498+00:00,SNOWBOS-30DEC25-B2,16,20,18,21,212
2025-12-30T06:06:41.825498+00:00,SNOWBOS-30DEC25-B4,1,4,2,175,232
2025-12-30T06:06:41.825498+00:00,SNOWBOS-30DEC25-B6,1,4,2,160,310
2025-12-30T06:06:41.825498+00:00,SNOWCHI-30DEC25-B0,21,25,23,23,430
2025-12-30T06:06:41.825498+00:00,SNOWCHI-30DEC25-B1,21,25,23,43,462
2025-12-30T06:06:41.825498+00:00,SNOWCHI-30DEC25-B2,24,28,26,27,47
2025-12-30T06:06:41.825498+00:00,SNOWCHI-30DEC25-B4,8,12,10,112,90
2025-12-30T06:06:41.825498+00:00,SNOWCHI-30DEC25-B6,1,4,2,126,88
2025-12-30T06:06:41.825498+00:00,SNOWNYC-30DEC25-B0,28,32,30,152,24
2025-12-30T06:06:41.825498+00:00,SNOWNYC-30DEC25-B1,26,30,28,1,179
2025-12-30T06:06:41.825498+00:00,SNOWNYC-30DEC25-B2,21,25,23,19,201
2025-12-30T06:06:41.825498+00:00,SNOWNYC-30DEC25-B4,1,4,2,178,465
2025-12-30T06:06:41.825498+00:00,SNOWNYC-30DEC25-B6,1,3,1,198,300
2025-12-30T10:06:41.825498+00:00,HIGHCHI-30DEC25-T30,61,65,63,256,871
2025-12-30T10:06:41.825498+00:00,HIGHCHI-30DEC25-T35,17,21,19,397,1034
2025-12-30T10:06:41.825498+00:00,HIGHCHI-30DEC25-T40,1,4,2,339,1558
2025-12-30T10:06:41.825498+00:00,HIGHCHI-30DEC25-T45,1,4,2,445,1475
2025-12-30T10:06:41.825498+00:00,HIGHCHI-30DEC25-T50,1,4,2,298,567
2025-12-30T10:06:41.825498+00:00,HIGHDAL-30DEC25-T35,96,99,98,169,528
2025-12-30T10:06:41.825498+00:00,HIGHDAL-30DEC25-T40,89,93,91,448,598
2025-12-30T10:06:41.825498+00:00,HIGHDAL-30DEC25-T45,96,99,98,380,1864
2025-12-30T10:06:41.825498+00:00,HIGHDAL-30DEC25-T50,80,84,82,382,1509
2025-12-30T10:06:41.825498+00:00,HIGHDAL-30DEC25-T55,36,40,38,195,958
2025-12-30T10:06:41.825498+00:00,HIGHDAL-30DEC25-T60,10,14,12,206,1455
2025-12-30T10:06:41.825498+00:00,HIGHDAL-30DEC25-T65,1,4,2,498,1597
2025-12-30T10:06:41.825498+00:00,HIGHDAL-30DEC25-T70,4,8,6,369,528
2025-12-30T10:06:41.825498+00:00,HIGHDEN-30DEC25-T30,92,96,94,416,1645
2025-12-30T10:06:41.825498+00:00,HIGHDEN-30DEC25-T35,52,56,54,106,1868
2025-12-30T10:06:41.825498+00:00,HIGHDEN-30DEC25-T40,7,11,9,223,373
2025-12-30T10:06:41.825498+00:00,HIGHDEN-30DEC25-T45,1,4,2,148,804
2025-12-30T10:06:41.825498+00:00,HIGHDEN-30DEC25-T50,2,6,4,203,573
2025-12-30T10:06:41.825498+00:00,HIGHDEN-30DEC25-T55,1,5,3,422,1640
2025-12-30T10:06:41.825498+00:00,HIGHLA-30DEC25-T50,95,99,97,255,311
2025-12-30T10:06:41.825498+00:00,HIGHLA-30DEC25-T55,83,87,85,254,690
2025-12-30T10:06:41.825498+00:00,HIGHLA-30DEC25-T60,77,81,79,150,711
2025-12-30T10:06:41.825498+00:00,HIGHLA-30DEC25-T65,51,55,53,230,954
2025-12-30T10:06:41.825498+00:00,HIGHLA-30DEC25-T70,26,30,28,467,1348
2025-12-30T10:06:41.825498+00:00,HIGHLA-30DEC25-T75,10,14,12,232,39
2025-12-30T10:06:41.825498+00:00,HIGHLA-30DEC25-T80,1,4,2,75,803
2025-12-30T10:06:41.825498+00:00,HIGHLA-30DEC25-T85,13,17,15,116,197
2025-12-30T10:06:41.825498+00:00,HIGHMIA-30DEC25-T55,96,99,98,150,1615
2025-12-30T10:06:41.825498+00:00,HIGHMIA-30DEC25-T60,96,99,98,128,1043
2025-12-30T10:06:41.825498+00:00,HIGHMIA-30DEC25-T65,90,94,92,13,1222
2025-12-30T10:06:41.825498+00:00,HIGHMIA-30DEC25-T70,78,82,80,280,1281
2025-12-30T10:06:41.825498+00:00,HIGHMIA-30DEC25-T75,35,39,37,378,1972
2025-12-30T10:06:41.825498+00:00,HIGHMIA-30DEC25-T80,9,13,11,10,355
2025-12-30T10:06:41.825498+00:00,HIGHMIA-30DEC25-T85,1,4,2,144,1092
2025-12-30T10:06:41.825498+00:00,HIGHMIA-30DEC25-T90,10,14,12,350,1500
2025-12-30T10:06:41.825498+00:00,HIGHNY-30DEC25-T30,82,86,84,174,1166
2025-12-30T10:06:41.825498+00:00,HIGHNY-30DEC25-T35,45,49,47,365,459
2025-12-30T10:06:41.825498+00:00,HIGHNY-30DEC25-T40,9,13,11,203,1271
2025-12-30T10:06:41.825498+00:00,HIGHNY-30DEC25-T45,1,4,2,161,259
2025-12-30T10:06:41.825498+00:00,HIGHNY-30DEC25-T50,2,6,4,255,611
2025-12-30T10:06:41.825498+00:00,SNOWBOS-30DEC25-B0,96,99,98,24,338
2025-12-30T10:06:41.825498+00:00,SNOWBOS-30DEC25-B1,30,34,32,22,352
2025-12-30T10:06:41.825498+00:00,SNOWBOS-30DEC25-B2,16,20,18,183,27
2025-12-30T10:06:41.825498+00:00,SNOWBOS-30DEC25-B4,1,4,2,52,431
2025-12-30T10:06:41.825498+00:00,SNOWBOS-30DEC25-B6,1,4,2,134,410
2025-12-30T10:06:41.825498+00:00,SNOWCHI-30DEC25-B0,21,25,23,182,353
2025-12-30T10:06:41.825498+00:00,SNOWCHI-30DEC25-B1,21,25,23,106,262
2025-12-30T10:06:41.825498+00:00,SNOWCHI-30DEC25-B2,24,28,26,88,97
2025-12-30T10:06:41.825498+00:00,SNOWCHI-30DEC25-B4,8,12,10,14,61
2025-12-30T10:06:41.825498+00:00,SNOWCHI-30DEC25-B6,1,4,2,14,194
2025-12-30T10:06:41.825498+00:00,SNOWNYC-30DEC25-B0,28,32,30,181,368
2025-12-30T10:06:41.825498+00:00,SNOWNYC-30DEC25-B1,26,30,28,158,113
2025-12-30T10:06:41.825498+00:00,SNOWNYC-30DEC25-B2,21,25,23,181,492
2025-12-30T10:06:41.825498+00:00,SNOWNYC-30DEC25-B4,1,4,2,158,412
2025-12-30T10:06:41.825498+00:00,SNOWNYC-30DEC25-B6,1,4,2,9,103
2025-12-30T12:06:41.825498+00:00,HIGHCHI-01JAN26-T30,39,43,41,296,376
2025-12-30T12:06:41.825498+00:00,HIGHCHI-01JAN26-T35,11,15,13,459,1257
2025-12-30T12:06:41.825498+00:00,HIGHCHI-01JAN26-T40,1,3,1,373,252
2025-12-30T12:06:41.825498+00:00,HIGHCHI-01JAN26-T45,10,14,12,80,134
2025-12-30T12:06:41.825498+00:00,HIGHCHI-31DEC25-T30,58,62,60,499,458
2025-12-30T12:06:41.825498+00:00,HIGHCHI-31DEC25-T35,27,31,29,134,1265
2025-12-30T12:06:41.825498+00:00,HIGHCHI-31DEC25-T40,1,3,1,304,229
2025-12-30T12:06:41.825498+00:00,HIGHCHI-31DEC25-T45,1,3,1,138,1363
2025-12-30T12:06:41.825498+00:00,HIGHDAL-01JAN26-T30,85,89,87,464,1824
2025-12-30T12:06:41.825498+00:00,HIGHDAL-01JAN26-T35,90,94,92,262,731
2025-12-30T12:06:41.825498+00:00,HIGHDAL-01JAN26-T40,92,96,94,137,403
2025-12-30T12:06:41.825498+00:00,HIGHDAL-01JAN26-T45,79,83,81,72,1199
2025-12-30T12:06:41.825498+00:00,HIGHDAL-01JAN26-T50,41,45,43,462,1759
2025-12-30T12:06:41.825498+00:00,HIGHDAL-01JAN26-T55,11,15,13,327,217
2025-12-30T12:06:41.825498+00:00,HIGHDAL-01JAN26-T60,1,3,1,94,1618
2025-12-30T12:06:41.825498+00:00,HIGHDAL-01JAN26-T65,1,3,1,220,1312
2025-12-30T12:06:41.825498+00:00,HIGHDAL-31DEC25-T30,91,95,93,377,1846
2025-12-30T12:06:41.825498+00:00,HIGHDAL-31DEC25-T35,95,99,97,452,712
2025-12-30T12:06:41.825498+00:00,HIGHDAL-31DEC25-T40,79,83,81,483,341
2025-12-30T12:06:41.825498+00:00,HIGHDAL-31DEC25-T45,59,63,61,45,960
2025-12-30T12:06:41.825498+00:00,HIGHDAL-31DEC25-T50,48,52,50,51,1641
2025-12-30T12:06:41.825498+00:00,HIGHDAL-31DEC25-T55,13,17,15,397,1289
2025-12-30T12:06:41.825498+00:00,HIGHDAL-31DEC25-T60,6,10,8,464,356
2025-12-30T12:06:41.825498+00:00,HIGHDAL-31DEC25-T65,3,7,5,392,868
2025-12-30T12:06:41.825498+00:00,HIGHDEN-01JAN26-T30,88,92,90,387,1222
2025-12-30T12:06:41.825498+00:00,HIGHDEN-01JAN26-T35,90,94,92,37,1938
2025-12-30T12:06:41.825498+00:00,HIGHDEN-01JAN26-T40,58,62,60,382,601
2025-12-30T12:06:41.825498+00:00,HIGHDEN-01JAN26-T45,23,27,25,74,1962
2025-12-30T12:06:41.825498+00:00,HIGHDEN-01JAN26-T50,10,14,12,231,650
2025-12-30T12:06:41.825498+00:00,HIGHDEN-01JAN26-T55,18,22,20,397,901
2025-12-30T12:06:41.825498+00:00,HIGHDEN-01JAN26-T60,1,3,1,45,884
2025-12-30T12:06:41.825498+00:00,HIGHDEN-31DEC25-T30,57,61,59,478,1061
2025-12-30T12:06:41.825498+00:00,HIGHDEN-31DEC25-T35,49,53,51,473,1438
2025-12-30T12:06:41.825498+00:00,HIGHDEN-31DEC25-T40,18,22,20,328,465
2025-12-30T12:06:41.825498+00:00,HIGHDEN-31DEC25-T45,13,17,15,185,1171
2025-12-30T12:06:41.825498+00:00,HIGHDEN-31DEC25-T50,3,7,5,348,135
2025-12-30T12:06:41.825498+00:00,HIGHLA-01JAN26-T50,82,86,84,430,861
2025-12-30T12:06:41.825498+00:00,HIGHLA-01JAN26-T55,97,99,99,72,242
2025-12-30T12:06:41.825498+00:00,HIGHLA-01JAN26-T60,81,85,83,251,1370
2025-12-30T12:06:41.825498+00:00,HIGHLA-01JAN26-T65,39,43,41,251,1637
2025-12-30T12:06:41.825498+00:00,HIGHLA-01JAN26-T70,14,18,16,214,547
2025-12-30T12:06:41.825498+00:00,HIGHLA-01JAN26-T75,7,11,9,304,539
2025-12-30T12:06:41.825498+00:00,HIGHLA-01JAN26-T80,1,3,1,162,1203
2025-12-30T12:06:41.825498+00:00,HIGHLA-01JAN26-T85,1,3,1,415,1147
2025-12-30T12:06:41.825498+00:00,HIGHLA-31DEC25-T50,86,90,88,156,551
2025-12-30T12:06:41.825498+00:00,HIGHLA-31DEC25-T55,93,97,95,188,1058
2025-12-30T12:06:41.825498+00:00,HIGHLA-31DEC25-T60,93,97,95,118,747
2025-12-30T12:06:41.825498+00:00,HIGHLA-31DEC25-T65,61,65,63,41,987
2025-12-30T12:06:41.825498+00:00,HIGHLA-31DEC25-T70,22,26,24,78,667
2025-12-30T12:06:41.825498+00:00,HIGHLA-31DEC25-T75,1,5,3,255,1628
2025-12-30T12:06:41.825498+00:00,HIGHLA-31DEC25-T80,5,9,7,392,1726
2025-12-30T12:06:41.825498+00:00,HIGHLA-31DEC25-T85,14,18,16,157,1962
2025-12-30T12:06:41.825498+00:00,HIGHMIA-01JAN26-T55,94,98,96,45,1267
2025-12-30T12:06:41.825498+00:00,HIGHMIA-01JAN26-T60,97,99,99,151,418
2025-12-30T12:06:41.825498+00:00,HIGHMIA-01JAN26-T65,91,95,93,212,1220
2025-12-30T12:06:41.825498+00:00,HIGHMIA-01JAN26-T70,50,54,52,237,1924
2025-12-30T12:06:41.825498+00:00,HIGHMIA-01JAN26-T75,10,14,12,133,1441
2025-12-30T12:06:41.825498+00:00,HIGHMIA-01JAN26-T80,4,8,6,329,1635
2025-12-30T12:06:41.825498+00:00,HIGHMIA-01JAN26-T85,2,6,4,481,385
2025-12-30T12:06:41.825498+00:00,HIGHMIA-01JAN26-T90,9,13,11,108,1729
2025-12-30T12:06:41.825498+00:00,HIGHMIA-31DEC25-T55,85,89,87,113,1523
2025-12-30T12:06:41.825498+00:00,HIGHMIA-31DEC25-T60,86,90,88,15,118
2025-12-30T12:06:41.825498+00:00,HIGHMIA-31DEC25-T65,91,95,93,315,1455
2025-12-30T12:06:41.825498+00:00,HIGHMIA-31DEC25-T70,60,64,62,188,1460
2025-12-30T12:06:41.825498+00:00,HIGHMIA-31DEC25-T75,13,17,15,81,1964
2025-12-30T12:06:41.825498+00:00,HIGHMIA-31DEC25-T80,6,10,8,441,615
2025-12-30T12:06:41.825498+00:00,HIGHMIA-31DEC25-T85,4,8,6,142,1819
2025-12-30T12:06:41.825498+00:00,HIGHMIA-31DEC25-T90,1,4,2,361,1507
2025-12-30T12:06:41.825498+00:00,HIGHNY-01JAN26-T30,64,68,66,188,1606
2025-12-30T12:06:41.825498+00:00,HIGHNY-01JAN26-T35,13,17,15,439,1058
2025-12-30T12:06:41.825498+00:00,HIGHNY-01JAN26-T40,2,6,4,400,1227
2025-12-30T12:06:41.825498+00:00,HIGHNY-01JAN26-T45,1,4,2,86,386
2025-12-30T12:06:41.825498+00:00,HIGHNY-01JAN26-T50,1,3,1,110,1080
2025-12-30T12:06:41.825498+00:00,HIGHNY-31DEC25-T30,84,88,86,59,1172
2025-12-30T12:06:41.825498+00:00,HIGHNY-31DEC25-T35,46,50,48,316,1414
2025-12-30T12:06:41.825498+00:00,HIGHNY-31DEC25-T40,27,31,29,256,1777
2025-12-30T12:06:41.825498+00:00,HIGHNY-31DEC25-T45,1,4,2,472,1707
2025-12-30T12:06:41.825498+00:00,HIGHNY-31DEC25-T50,2,6,4,93,414
2025-12-30T12:06:41.825498+00:00,HIGHNY-31DEC25-T55,1,5,3,20,515
2025-12-30T12:06:41.825498+00:00,SNOWBOS-01JAN26-B0,95,99,97,26,26
2025-12-30T12:06:41.825498+00:00,SNOWBOS-01JAN26-B1,97,99,99,21,249
2025-12-30T12:06:41.825498+00:00,SNOWBOS-01JAN26-B2,84,88,86,133,59
2025-12-30T12:06:41.825498+00:00,SNOWBOS-01JAN26-B4,83,87,85,180,350
2025-12-30T12:06:41.825498+00:00,SNOWBOS-01JAN26-B6,67,71,69,106,401
2025-12-30T12:06:41.825498+00:00,SNOWBOS-31DEC25-B0,97,99,99,170,25
2025-12-30T12:06:41.825498+00:00,SNOWBOS-31DEC25-B1,95,99,97,2,303
2025-12-30T12:06:41.825498+00:00,SNOWBOS-31DEC25-B2,97,99,99,65,109
2025-12-30T12:06:41.825498+00:00,SNOWBOS-31DEC25-B4,93,97,95,149,259
2025-12-30T12:06:41.825498+00:00,SNOWBOS-31DEC25-B6,65,69,67,81,500
2025-12-30T12:06:41.825498+00:00,SNOWCHI-01JAN26-B0,95,99,97,40,200
2025-12-30T12:06:41.825498+00:00,SNOWCHI-01JAN26-B1,85,89,87,33,259
2025-12-30T12:06:41.825498+00:00,SNOWCHI-01JAN26-B2,72,76,74,144,160
2025-12-30T12:06:41.825498+00:00,SNOWCHI-01JAN26-B4,52,56,54,139,197
2025-12-30T12:06:41.825498+00:00,SNOWCHI-01JAN26-B6,18,22,20,49,278
2025-12-30T12:06:41.825498+00:00,SNOWCHI-31DEC25-B0,1,3,1,193,342
2025-12-30T12:06:41.825498+00:00,SNOWCHI-31DEC25-B1,43,47,45,133,430
2025-12-30T12:06:41.825498+00:00,SNOWCHI-31DEC25-B2,15,19,17,161,43
2025-12-30T12:06:41.825498+00:00,SNOWCHI-31DEC25-B4,1,5,3,85,29
2025-12-30T12:06:41.825498+00:00,SNOWCHI-31DEC25-B6,4,8,6,137,13
2025-12-30T12:06:41.825498+00:00,SNOWNYC-01JAN26-B0,5,9,7,164,243
2025-12-30T12:06:41.825498+00:00,SNOWNYC-01JAN26-B1,33,37,35,60,56
2025-12-30T12:06:41.825498+00:00,SNOWNYC-01JAN26-B2,35,39,37,199,210
2025-12-30T12:06:41.825498+00:00,SNOWNYC-01JAN26-B4,1,5,3,189,404
2025-12-30T12:06:41.825498+00:00,SNOWNYC-01JAN26-B6,1,3,1,164,162
2025-12-30T12:06:41.825498+00:00,SNOWNYC-31DEC25-B0,1,3,1,144,452
2025-12-30T12:06:41.825498+00:00,SNOWNYC-31DEC25-B1,31,35,33,191,138
2025-12-30T12:06:41.825498+00:00,SNOWNYC-31DEC25-B2,7,11,9,50,160
2025-12-30T12:06:41.825498+00:00,SNOWNYC-31DEC25-B4,1,4,2,120,373
2025-12-30T12:06:41.825498+00:00,SNOWNYC-31DEC25-B6,4,8,6,48,276
2025-12-31T00:06:41.825498+00:00,HIGHCHI-31DEC25-T30,58,62,60,443,473
2025-12-31T00:06:41.825498+00:00,HIGHCHI-31DEC25-T35,27,31,29,417,1951
2025-12-31T00:06:41.825498+00:00,HIGHCHI-31DEC25-T40,1,4,2,8,1067
2025-12-31T00:06:41.825498+00:00,HIGHCHI-31DEC25-T45,1,3,1,369,1970
2025-12-31T00:06:41.825498+00:00,HIGHDAL-31DEC25-T30,95,99,97,62,1837
2025-12-31T00:06:41.825498+00:00,HIGHDAL-31DEC25-T35,95,99,97,321,215
2025-12-31T00:06:41.825498+00:00,HIGHDAL-31DEC25-T40,80,84,82,258,1800
2025-12-31T00:06:41.825498+00:00,HIGHDAL-31DEC25-T45,58,62,60,50,1774
2025-12-31T00:06:41.825498+00:00,HIGHDAL-31DEC25-T50,46,50,48,160,1842
2025-12-31T00:06:41.825498+00:00,HIGHDAL-31DEC25-T55,16,20,18,191,1486
2025-12-31T00:06:41.825498+00:00,HIGHDAL-31DEC25-T60,4,8,6,385,1497
2025-12-31T00:06:41.825498+00:00,HIGHDAL-31DEC25-T65,5,9,7,349,1225
2025-12-31T00:06:41.825498+00:00,HIGHDEN-31DEC25-T30,60,64,62,404,1906
2025-12-31T00:06:41.825498+00:00,HIGHDEN-31DEC25-T35,56,60,58,395,528
2025-12-31T00:06:41.825498+00:00,HIGHDEN-31DEC25-T40,17,21,19,107,449
2025-12-31T00:06:41.825498+00:00,HIGHDEN-31DEC25-T45,13,17,15,250,1213
2025-12-31T00:06:41.825498+00:00,HIGHDEN-31DEC25-T50,2,6,4,107,566
2025-12-31T00:06:41.825498+00:00,HIGHLA-31DEC25-T50,90,94,92,382,92
2025-12-31T00:06:41.825498+00:00,HIGHLA-31DEC25-T55,95,99,97,341,1815
2025-12-31T00:06:41.825498+00:00,HIGHLA-31DEC25-T60,94,98,96,220,1634
2025-12-31T00:06:41.825498+00:00,HIGHLA-31DEC25-T65,64,68,66,449,1414
2025-12-31T00:06:41.825498+00:00,HIGHLA-31DEC25-T70,21,25,23,46,1018
2025-12-31T00:06:41.825498+00:00,HIGHLA-31DEC25-T75,2,6,4,319,908
2025-12-31T00:06:41.825498+00:00,HIGHLA-31DEC25-T80,11,15,13,7,1303
2025-12-31T00:06:41.825498+00:00,HIGHLA-31DEC25-T85,14,18,16,310,1093
2025-12-31T00:06:41.825498+00:00,HIGHMIA-31DEC25-T55,87,91,89,16,1227
2025-12-31T00:06:41.825498+00:00,HIGHMIA-31DEC25-T60,86,90,88,358,257
2025-12-31T00:06:41.825498+00:00,HIGHMIA-31DEC25-T65,92,96,94,75,877
2025-12-31T00:06:41.825498+00:00,HIGHMIA-31DEC25-T70,55,59,57,214,624
2025-12-31T00:06:41.825498+00:00,HIGHMIA-31DEC25-T75,11,15,13,51,1616
2025-12-31T00:06:41.825498+00:00,HIGHMIA-31DEC25-T80,3,7,5,189,1661
2025-12-31T00:06:41.825498+00:00,HIGHMIA-31DEC25-T85,1,3,1,380,210
2025-12-31T00:06:41.825498+00:00,HIGHMIA-31DEC25-T90,1,4,2,35,1950
2025-12-31T00:06:41.825498+00:00,HIGHNY-31DEC25-T30,87,91,89,449,1116
2025-12-31T00:06:41.825498+00:00,HIGHNY-31DEC25-T35,46,50,48,460,1820
2025-12-31T00:06:41.825498+00:00,HIGHNY-31DEC25-T40,28,32,30,449,486
2025-12-31T00:06:41.825498+00:00,HIGHNY-31DEC25-T45,1,3,1,269,1796
2025-12-31T00:06:41.825498+00:00,HIGHNY-31DEC25-T50,4,8,6,34,530
2025-12-31T00:06:41.825498+00:00,HIGHNY-31DEC25-T55,1,4,2,95,1987
2025-12-31T00:06:41.825498+00:00,SNOWBOS-31DEC25-B0,96,99,98,122,90
2025-12-31T00:06:41.825498+00:00,SNOWBOS-31DEC25-B1,96,99,98,153,211
2025-12-31T00:06:41.825498+00:00,SNOWBOS-31DEC25-B2,97,99,99,30,102
2025-12-31T00:06:41.825498+00:00,SNOWBOS-31DEC25-B4,93,97,95,85,192
2025-12-31T00:06:41.825498+00:00,SNOWBOS-31DEC25-B6,65,69,67,110,96
2025-12-31T00:06:41.825498+00:00,SNOWCHI-31DEC25-B0,5,9,7,3,68
2025-12-31T00:06:41.825498+00:00,SNOWCHI-31DEC25-B1,44,48,46,198,201
2025-12-31T00:06:41.825498+00:00,SNOWCHI-31DEC25-B2,14,18,16,54,353
2025-12-31T00:06:41.825498+00:00,SNOWCHI-31DEC25-B4,1,5,3,23,47
2025-12-31T00:06:41.825498+00:00,SNOWCHI-31DEC25-B6,1,5,3,165,378
2025-12-31T00:06:41.825498+00:00,SNOWNYC-31DEC25-B0,1,4,2,58,390
2025-12-31T00:06:41.825498+00:00,SNOWNYC-31DEC25-B1,31,35,33,52,327
2025-12-31T00:06:41.825498+00:00,SNOWNYC-31DEC25-B2,9,13,11,115,100
2025-12-31T00:06:41.825498+00:00,SNOWNYC-31DEC25-B4,1,4,2,40,30
2025-12-31T00:06:41.825498+00:00,SNOWNYC-31DEC25-B6,3,7,5,18,412
2025-12-31T06:06:41.825498+00:00,HIGHCHI-31DEC25-T30,57,61,59,142,1354
2025-12-31T06:06:41.825498+00:00,HIGHCHI-31DEC25-T35,27,31,29,334,583
2025-12-31T06:06:41.825498+00:00,HIGHCHI-31DEC25-T40,1,5,3,434,786
2025-12-31T06:06:41.825498+00:00,HIGHCHI-31DEC25-T45,1,4,2,81,1079
2025-12-31T06:06:41.825498+00:00,HIGHDAL-31DEC25-T30,95,99,97,215,922
2025-12-31T06:06:41.825498+00:00,HIGHDAL-31DEC25-T35,96,99,98,226,1375
2025-12-31T06:06:41.825498+00:00,HIGHDAL-31DEC25-T40,81,85,83,89,173
2025-12-31T06:06:41.825498+00:00,HIGHDAL-31DEC25-T45,59,63,61,260,935
2025-12-31T06:06:41.825498+00:00,HIGHDAL-31DEC25-T50,47,51,49,265,1171
2025-12-31T06:06:41.825498+00:00,HIGHDAL-31DEC25-T55,17,21,19,236,253
2025-12-31T06:06:41.825498+00:00,HIGHDAL-31DEC25-T60,6,10,8,214,239
2025-12-31T06:06:41.825498+00:00,HIGHDAL-31DEC25-T65,4,8,6,68,1601
2025-12-31T06:06:41.825498+00:00,HIGHDEN-31DEC25-T30,60,64,62,93,1516
2025-12-31T06:06:41.825498+00:00,HIGHDEN-31DEC25-T35,54,58,56,155,947
2025-12-31T06:06:41.825498+00:00,HIGHDEN-31DEC25-T40,19,23,21,181,1906
2025-12-31T06:06:41.825498+00:00,HIGHDEN-31DEC25-T45,13,17,15,218,1400
2025-12-31T06:06:41.825498+00:00,HIGHDEN-31DEC25-T50,2,6,4,151,1419
2025-12-31T06:06:41.825498+00:00,HIGHLA-31DEC25-T50,89,93,91,303,1470
2025-12-31T06:06:41.825498+00:00,HIGHLA-31DEC25-T55,95,99,97,290,390
2025-12-31T06:06:41.825498+00:00,HIGHLA-31DEC25-T60,95,99,97,459,698
2025-12-31T06:06:41.825498+00:00,HIGHLA-31DEC25-T65,63,67,65,200,1105
2025-12-31T06:06:41.825498+00:00,HIGHLA-31DEC25-T70,21,25,23,175,1312
2025-12-31T06:06:41.825498+00:00,HIGHLA-31DEC25-T75,2,6,4,329,899
2025-12-31T06:06:41.825498+00:00,HIGHLA-31DEC25-T80,11,15,13,380,529
2025-12-31T06:06:41.825498+00:00,HIGHLA-31DEC25-T85,14,18,16,177,908
2025-12-31T06:06:41.825498+00:00,HIGHMIA-31DEC25-T55,84,88,86,369,1352
2025-12-31T06:06:41.825498+00:00,HIGHMIA-31DEC25-T60,87,91,89,285,537
2025-12-31T06:06:41.825498+00:00,HIGHMIA-31DEC25-T65,92,96,94,373,1285
2025-12-31T06:06:41.825498+00:00,HIGHMIA-31DEC25-T70,57,61,59,471,445
2025-12-31T06:06:41.825498+00:00,HIGHMIA-31DEC25-T75,12,16,14,56,1872
2025-12-31T06:06:41.825498+00:00,HIGHMIA-31DEC25-T80,5,9,7,64,214
2025-12-31T06:06:41.825498+00:00,HIGHMIA-31DEC25-T85,1,4,2,63,840
2025-12-31T06:06:41.825498+00:00,HIGHMIA-31DEC25-T90,1,4,2,471,1229
2025-12-31T06:06:41.825498+00:00,HIGHNY-31DEC25-T30,86,90,88,455,724
2025-12-31T06:06:41.825498+00:00,HIGHNY-31DEC25-T35,46,50,48,174,1434
2025-12-31T06:06:41.825498+00:00,HIGHNY-31DEC25-T40,28,32,30,73,635
2025-12-31T06:06:41.825498+00:00,HIGHNY-31DEC25-T45,1,4,2,196,1701
2025-12-31T06:06:41.825498+00:00,HIGHNY-31DEC25-T50,4,8,6,21,954
2025-12-31T06:06:41.825498+00:00,HIGHNY-31DEC25-T55,1,5,3,450,991
2025-12-31T06:06:41.825498+00:00,SNOWBOS-31DEC25-B0,96,99,98,101,417
2025-12-31T06:06:41.825498+00:00,SNOWBOS-31DEC25-B1,95,99,97,79,117
2025-12-31T06:06:41.825498+00:00,SNOWBOS-31DEC25-B2,96,99,98,14,445
2025-12-31T06:06:41.825498+00:00,SNOWBOS-31DEC25-B4,93,97,95,26,155
2025-12-31T06:06:41.825498+00:00,SNOWBOS-31DEC25-B6,64,68,66,57,374
2025-12-31T06:06:41.825498+00:00,SNOWCHI-31DEC25-B0,5,9,7,165,324
2025-12-31T06:06:41.825498+00:00,SNOWCHI-31DEC25-B1,44,48,46,125,32
2025-12-31T06:06:41.825498+00:00,SNOWCHI-31DEC25-B2,15,19,17,176,227
2025-12-31T06:06:41.825498+00:00,SNOWCHI-31DEC25-B4,1,5,3,143,46
2025-12-31T06:06:41.825498+00:00,SNOWCHI-31DEC25-B6,1,5,3,150,33
2025-12-31T06:06:41.825498+00:00,SNOWNYC-31DEC25-B0,1,5,3,131,411
2025-12-31T06:06:41.825498+00:00,SNOWNYC-31DEC25-B1,31,35,33,114,434
2025-12-31T06:06:41.825498+00:00,SNOWNYC-31DEC25-B2,10,14,12,45,386
2025-12-31T06:06:41.825498+00:00,SNOWNYC-31DEC25-B4,1,4,2,14,406
2025-12-31T06:06:41.825498+00:00,SNOWNYC-31DEC25-B6,4,8,6,138,216
2025-12-31T10:06:41.825498+00:00,HIGHCHI-31DEC25-T30,57,61,59,214,1071
2025-12-31T10:06:41.825498+00:00,HIGHCHI-31DEC25-T35,27,31,29,221,1853
2025-12-31T10:06:41.825498+00:00,HIGHCHI-31DEC25-T40,1,4,2,292,1345
2025-12-31T10:06:41.825498+00:00,HIGHCHI-31DEC25-T45,1,4,2,396,512
2025-12-31T10:06:41.825498+00:00,HIGHDAL-31DEC25-T30,94,98,96,165,45
2025-12-31T10:06:41.825498+00:00,HIGHDAL-31DEC25-T35,96,99,98,344,1405
2025-12-31T10:06:41.825498+00:00,HIGHDAL-31DEC25-T40,81,85,83,174,589
2025-12-31T10:06:41.825498+00:00,HIGHDAL-31DEC25-T45,59,63,61,386,1358
2025-12-31T10:06:41.825498+00:00,HIGHDAL-31DEC25-T50,47,51,49,491,718
2025-12-31T10:06:41.825498+00:00,HIGHDAL-31DEC25-T55,17,21,19,6,719
2025-12-31T10:06:41.825498+00:00,HIGHDAL-31DEC25-T60,6,10,8,66,1925
2025-12-31T10:06:41.825498+00:00,HIGHDAL-31DEC25-T65,4,8,6,306,1978
2025-12-31T10:06:41.825498+00:00,HIGHDEN-31DEC25-T30,60,64,62,422,282
2025-12-31T10:06:41.825498+00:00,HIGHDEN-31DEC25-T35,54,58,56,417,293
2025-12-31T10:06:41.825498+00:00,HIGHDEN-31DEC25-T40,19,23,21,349,291
2025-12-31T10:06:41.825498+00:00,HIGHDEN-31DEC25-T45,13,17,15,387,1850
2025-12-31T10:06:41.825498+00:00,HIGHDEN-31DEC25-T50,2,6,4,133,319
2025-12-31T10:06:41.825498+00:00,HIGHLA-31DEC25-T50,89,93,91,180,1507
2025-12-31T10:06:41.825498+00:00,HIGHLA-31DEC25-T55,95,99,97,384,549
2025-12-31T10:06:41.825498+00:00,HIGHLA-31DEC25-T60,94,98,96,242,1763
2025-12-31T10:06:41.825498+00:00,HIGHLA-31DEC25-T65,63,67,65,442,328
2025-12-31T10:06:41.825498+00:00,HIGHLA-31DEC25-T70,21,25,23,34,29
2025-12-31T10:06:41.825498+00:00,HIGHLA-31DEC25-T75,2,6,4,201,29
2025-12-31T10:06:41.825498+00:00,HIGHLA-31DEC25-T80,11,15,13,164,284
2025-12-31T10:06:41.825498+00:00,HIGHLA-31DEC25-T85,14,18,16,180,1866
2025-12-31T10:06:41.825498+00:00,HIGHMIA-31DEC25-T55,84,88,86,410,96
2025-12-31T10:06:41.825498+00:00,HIGHMIA-31DEC25-T60,87,91,89,247,1457
2025-12-31T10:06:41.825498+00:00,HIGHMIA-31DEC25-T65,92,96,94,65,598
2025-12-31T10:06:41.825498+00:00,HIGHMIA-31DEC25-T70,57,61,59,357,1931
2025-12-31T10:06:41.825498+00:00,HIGHMIA-31DEC25-T75,12,16,14,136,1339
2025-12-31T10:06:41.825498+00:00,HIGHMIA-31DEC25-T80,5,9,7,440,1572
2025-12-31T10:06:41.825498+00:00,HIGHMIA-31DEC25-T85,1,4,2,209,1990
2025-12-31T10:06:41.825498+00:00,HIGHMIA-31DEC25-T90,1,4,2,252,1663
2025-12-31T10:06:41.825498+00:00,HIGHNY-31DEC25-T30,87,91,89,340,1014
2025-12-31T10:06:41.825498+00:00,HIGHNY-31DEC25-T35,46,50,48,476,570
2025-12-31T10:06:41.825498+00:00,HIGHNY-31DEC25-T40,28,32,30,427,677
2025-12-31T10:06:41.825498+00:00,HIGHNY-31DEC25-T45,1,4,2,38,657
2025-12-31T10:06:41.825498+00:00,HIGHNY-31DEC25-T50,4,8,6,106,581
2025-12-31T10:06:41.825498+00:00,HIGHNY-31DEC25-T55,1,5,3,88,1735
2025-12-31T10:06:41.825498+00:00,SNOWBOS-31DEC25-B0,96,99,98,140,161
2025-12-31T10:06:41.825498+00:00,SNOWBOS-31DEC25-B1,96,99,98,192,389
2025-12-31T10:06:41.825498+00:00,SNOWBOS-31DEC25-B2,96,99,98,193,487
2025-12-31T10:06:41.825498+00:00,SNOWBOS-31DEC25-B4,93,97,95,159,45
2025-12-31T10:06:41.825498+00:00,SNOWBOS-31DEC25-B6,64,68,66,190,338
2025-12-31T10:06:41.825498+00:00,SNOWCHI-31DEC25-B0,5,9,7,160,134
2025-12-31T10:06:41.825498+00:00,SNOWCHI-31DEC25-B1,44,48,46,76,469
2025-12-31T10:06:41.825498+00:00,SNOWCHI-31DEC25-B2,15,19,17,27,115
2025-12-31T10:06:41.825498+00:00,SNOWCHI-31DEC25-B4,1,4,2,148,430
2025-12-31T10:06:41.825498+00:00,SNOWCHI-31DEC25-B6,1,5,3,180,444
2025-12-31T10:06:41.825498+00:00,SNOWNYC-31DEC25-B0,1,5,3,179,157
2025-12-31T10:06:41.825498+00:00,SNOWNYC-31DEC25-B1,31,35,33,58,476
2025-12-31T10:06:41.825498+00:00,SNOWNYC-31DEC25-B2,10,14,12,132,71
2025-12-31T10:06:41.825498+00:00,SNOWNYC-31DEC25-B4,1,4,2,161,325
2025-12-31T10:06:41.825498+00:00,SNOWNYC-31DEC25-B6,4,8,6,24,188
2025-12-31T12:06:41.825498+00:00,HIGHCHI-01JAN26-T30,40,44,42,305,1358
2025-12-31T12:06:41.825498+00:00,HIGHCHI-01JAN26-T35,8,12,10,230,359
2025-12-31T12:06:41.825498+00:00,HIGHCHI-01JAN26-T40,1,3,1,112,1229
2025-12-31T12:06:41.825498+00:00,HIGHCHI-01JAN26-T45,7,11,9,269,1982
2025-12-31T12:06:41.825498+00:00,HIGHCHI-02JAN26-T30,13,17,15,47,994
2025-12-31T12:06:41.825498+00:00,HIGHCHI-02JAN26-T35,1,3,1,320,1526
2025-12-31T12:06:41.825498+00:00,HIGHCHI-02JAN26-T40,2,6,4,399,644
2025-12-31T12:06:41.825498+00:00,HIGHCHI-02JAN26-T45,5,9,7,129,1963
2025-12-31T12:06:41.825498+00:00,HIGHDAL-01JAN26-T30,89,93,91,464,1196
2025-12-31T12:06:41.825498+00:00,HIGHDAL-01JAN26-T35,96,99,98,206,1782
2025-12-31T12:06:41.825498+00:00,HIGHDAL-01JAN26-T40,97,99,99,285,558
2025-12-31T12:06:41.825498+00:00,HIGHDAL-01JAN26-T45,80,84,82,356,488
2025-12-31T12:06:41.825498+00:00,HIGHDAL-01JAN26-T50,41,45,43,327,1078
2025-12-31T12:06:41.825498+00:00,HIGHDAL-01JAN26-T55,7,11,9,235,1544
2025-12-31T12:06:41.825498+00:00,HIGHDAL-01JAN26-T60,1,5,3,150,747
2025-12-31T12:06:41.825498+00:00,HIGHDAL-01JAN26-T65,1,4,2,318,1190
2025-12-31T12:06:41.825498+00:00,HIGHDAL-02JAN26-T35,97,99,99,342,1786
2025-12-31T12:06:41.825498+00:00,HIGHDAL-02JAN26-T40,96,99,98,396,538
2025-12-31T12:06:41.825498+00:00,HIGHDAL-02JAN26-T45,93,97,95,130,1826
2025-12-31T12:06:41.825498+00:00,HIGHDAL-02JAN26-T50,71,75,73,476,199
2025-12-31T12:06:41.825498+00:00,HIGHDAL-02JAN26-T55,11,15,13,23,210
2025-12-31T12:06:41.825498+00:00,HIGHDAL-02JAN26-T60,1,3,1,112,1445
2025-12-31T12:06:41.825498+00:00,HIGHDAL-02JAN26-T65,1,4,2,324,744
2025-12-31T12:06:41.825498+00:00,HIGHDAL-02JAN26-T70,4,8,6,412,261
2025-12-31T12:06:41.825498+00:00,HIGHDEN-01JAN26-T30,89,93,91,90,396
2025-12-31T12:06:41.825498+00:00,HIGHDEN-01JAN26-T35,95,99,97,18,1598
2025-12-31T12:06:41.825498+00:00,HIGHDEN-01JAN26-T40,65,69,67,274,1737
2025-12-31T12:06:41.825498+00:00,HIGHDEN-01JAN26-T45,21,25,23,310,955
2025-12-31T12:06:41.825498+00:00,HIGHDEN-01JAN26-T50,5,9,7,160,41
2025-12-31T12:06:41.825498+00:00,HIGHDEN-01JAN26-T55,19,23,21,412,34
2025-12-31T12:06:41.825498+00:00,HIGHDEN-01JAN26-T60,1,3,1,414,1883
2025-12-31T12:06:41.825498+00:00,HIGHDEN-02JAN26-T30,84,88,86,162,634
2025-12-31T12:06:41.825498+00:00,HIGHDEN-02JAN26-T35,97,99,99,474,991
2025-12-31T12:06:41.825498+00:00,HIGHDEN-02JAN26-T40,70,74,72,376,1408
2025-12-31T12:06:41.825498+00:00,HIGHDEN-02JAN26-T45,41,45,43,436,359
2025-12-31T12:06:41.825498+00:00,HIGHDEN-02JAN26-T50,5,9,7,429,1967
2025-12-31T12:06:41.825498+00:00,HIGHDEN-02JAN26-T55,1,3,1,477,1010
2025-12-31T12:06:41.825498+00:00,HIGHDEN-02JAN26-T60,1,5,3,64,28
2025-12-31T12:06:41.825498+00:00,HIGHLA-01JAN26-T50,79,83,81,312,312
2025-12-31T12:06:41.825498+00:00,HIGHLA-01JAN26-T55,97,99,99,13,434
2025-12-31T12:06:41.825498+00:00,HIGHLA-01JAN26-T60,83,87,85,71,1867
2025-12-31T12:06:41.825498+00:00,HIGHLA-01JAN26-T65,51,55,53,398,800
2025-12-31T12:06:41.825498+00:00,HIGHLA-01JAN26-T70,21,25,23,101,31
2025-12-31T12:06:41.825498+00:00,HIGHLA-01JAN26-T75,4,8,6,138,1770
2025-12-31T12:06:41.825498+00:00,HIGHLA-01JAN26-T80,1,3,1,181,1605
2025-12-31T12:06:41.825498+00:00,HIGHLA-01JAN26-T85,1,4,2,319,1447
2025-12-31T12:06:41.825498+00:00,HIGHLA-02JAN26-T45,93,97,95,252,1295
2025-12-31T12:06:41.825498+00:00,HIGHLA-02JAN26-T50,97,99,99,9,156
2025-12-31T12:06:41.825498+00:00,HIGHLA-02JAN26-T55,94,98,96,166,1012
2025-12-31T12:06:41.825498+00:00,HIGHLA-02JAN26-T60,58,62,60,14,730
2025-12-31T12:06:41.825498+00:00,HIGHLA-02JAN26-T65,19,23,21,179,1857
2025-12-31T12:06:41.825498+00:00,HIGHLA-02JAN26-T70,10,14,12,173,939
2025-12-31T12:06:41.825498+00:00,HIGHLA-02JAN26-T75,1,3,1,399,317
2025-12-31T12:06:41.825498+00:00,HIGHLA-02JAN26-T80,1,4,2,216,1988
2025-12-31T12:06:41.825498+00:00,HIGHMIA-01JAN26-T55,97,99,99,210,1277
2025-12-31T12:06:41.825498+00:00,HIGHMIA-01JAN26-T60,97,99,99,269,1450
2025-12-31T12:06:41.825498+00:00,HIGHMIA-01JAN26-T65,89,93,91,365,160
2025-12-31T12:06:41.825498+00:00,HIGHMIA-01JAN26-T70,43,47,45,94,853
2025-12-31T12:06:41.825498+00:00,HIGHMIA-01JAN26-T75,8,12,10,252,1596
2025-12-31T12:06:41.825498+00:00,HIGHMIA-01JAN26-T80,11,15,13,122,1658
